<?xml version="1.0" encoding="UTF-8"?>
<!DOCTYPE html PUBLIC "-//W3C//DTD XHTML 1.0 Transitional//EN"
    "http://www.w3.org/TR/xhtml1/DTD/xhtml1-transitional.dtd">
<html xmlns="http://www.w3.org/1999/xhtml" xml:lang="en" lang="en">
 <head>
  <title>
</title>
<meta http-equiv="Content-Type" content="text/html;charset=utf-8" />
  <meta name='ocr-system' content='tesseract 3.04.00' />
  <meta name='ocr-capabilities' content='ocr_page ocr_carea ocr_par ocr_line ocrx_word'/>
</head>
<body>
  <div class='ocr_page' id='page_1' title='image "./corpusscriptoru57theogoog/corpusscriptoru57theogoog_0629.png"; bbox 0 0 2950 4800; ppageno 0'>
   <div class='ocr_carea' id='block_1_1' title="bbox 612 220 1250 327">
    <p class='ocr_par' dir='ltr' id='par_1_1' title="bbox 612 220 1250 327">
     <span class='ocr_line' id='line_1_1' title="bbox 612 220 1250 327; baseline -0.002 0"><span class='ocrx_word' id='word_1_1' title='bbox 612 256 769 327; x_wconf 77' lang='lat' dir='ltr'><strong>noran.</strong></span> <span class='ocrx_word' id='word_1_2' title='bbox 940 220 945 227; x_wconf 79' lang='grc'><strong>’</strong></span> <span class='ocrx_word' id='word_1_3' title='bbox 1175 256 1250 327; x_wconf 77' lang='lat' dir='ltr'><strong>oet</strong></span> 
     </span>
    </p>
   </div>
   <div class='ocr_carea' id='block_1_2' title="bbox 109 436 1289 4371">
    <p class='ocr_par' dir='ltr' id='par_1_2' title="bbox 109 436 1289 3834">
     <span class='ocr_line' id='line_1_2' title="bbox 226 436 1251 523; baseline -0.004 -20"><span class='ocrx_word' id='word_1_4' title='bbox 226 444 366 523; x_wconf 75' lang='lat' dir='ltr'><strong>Quinque</strong></span> <span class='ocrx_word' id='word_1_5' title='bbox 384 441 536 503; x_wconf 72' lang='lat' dir='ltr'><strong>codicibus</strong></span> <span class='ocrx_word' id='word_1_6' title='bbox 551 440 584 501; x_wconf 88' lang='lat' dir='ltr'><strong>in</strong></span> <span class='ocrx_word' id='word_1_7' title='bbox 601 444 695 503; x_wconf 89' lang='lat' dir='ltr'><strong>totius</strong></span> <span class='ocrx_word' id='word_1_8' title='bbox 709 440 808 522; x_wconf 87' lang='lat' dir='ltr'><strong>operis</strong></span> <span class='ocrx_word' id='word_1_9' title='bbox 822 436 1067 517; x_wconf 82' lang='lat' dir='ltr'><strong>interpretatione</strong></span> <span class='ocrx_word' id='word_1_10' title='bbox 1081 454 1151 497; x_wconf 85' lang='lat' dir='ltr'><strong>snm</strong></span> <span class='ocrx_word' id='word_1_11' title='bbox 1166 458 1251 514; x_wconf 85' lang='lat' dir='ltr'><strong>usus,</strong></span> 
     </span>
     <span class='ocr_line' id='line_1_3' title="bbox 142 524 1251 608; baseline -0.004 -21"><span class='ocrx_word' id='word_1_12' title='bbox 142 547 272 608; x_wconf 90' lang='lat' dir='ltr'><strong>quorum</strong></span> <span class='ocrx_word' id='word_1_13' title='bbox 295 540 357 589; x_wconf 89' lang='lat' dir='ltr'><strong>tres</strong></span> <span class='ocrx_word' id='word_1_14' title='bbox 377 530 558 588; x_wconf 87' lang='lat' dir='ltr'><strong>liberalitate</strong></span> <span class='ocrx_word' id='word_1_15' title='bbox 578 531 758 608; x_wconf 73' lang='lat' dir='ltr'><strong>magnisque</strong></span> <span class='ocrx_word' id='word_1_16' title='bbox 778 524 948 607; x_wconf 85' lang='lat' dir='ltr'><strong>sumptibus</strong></span> <span class='ocrx_word' id='word_1_17' title='bbox 970 524 1123 603; x_wconf 79' lang='lat' dir='ltr'><strong>magniflui</strong></span> <span class='ocrx_word' id='word_1_18' title='bbox 1145 534 1175 583; x_wconf 89' lang='lat' dir='ltr'><strong>et</strong></span> <span class='ocrx_word' id='word_1_19' title='bbox 1195 544 1251 602; x_wconf 84' lang='lat' dir='ltr'><strong>ge-</strong></span> 
     </span>
     <span class='ocr_line' id='line_1_4' title="bbox 145 606 1253 696; baseline -0.004 -25"><span class='ocrx_word' id='word_1_20' title='bbox 145 618 247 674; x_wconf 86' lang='lat' dir='ltr'><strong>nerosi</strong></span> <span class='ocrx_word' id='word_1_21' title='bbox 274 618 332 676; x_wconf 84' lang='lat' dir='ltr'><strong>riri</strong></span> <span class='ocrx_word' id='word_1_22' title='bbox 361 614 392 673; x_wconf 88' lang='lat' dir='ltr'><strong>d.</strong></span> <span class='ocrx_word' id='word_1_23' title='bbox 421 616 547 696; x_wconf 77' lang='lat' dir='ltr'><strong>Antonii</strong></span> <span class='ocrx_word' id='word_1_24' title='bbox 574 616 719 693; x_wconf 80' lang='lat' dir='ltr'><strong>Fuggeri‚</strong></span> <span class='ocrx_word' id='word_1_25' title='bbox 751 630 843 691; x_wconf 85' lang='lat' dir='ltr'><strong>opera</strong></span> <span class='ocrx_word' id='word_1_26' title='bbox 863 630 935 670; x_wconf 84' lang='lat' dir='ltr'><strong>reru</strong></span> <span class='ocrx_word' id='word_1_27' title='bbox 956 606 1077 669; x_wconf 84' lang='lat' dir='ltr'><strong>honesti</strong></span> <span class='ocrx_word' id='word_1_28' title='bbox 1096 620 1127 668; x_wconf 80' lang='lat' dir='ltr'><strong>et</strong></span> <span class='ocrx_word' id='word_1_29' title='bbox 1148 610 1253 668; x_wconf 89' lang='lat' dir='ltr'><strong>erudi-</strong></span> 
     </span>
     <span class='ocr_line' id='line_1_5' title="bbox 145 694 1251 776; baseline -0.004 -19"><span class='ocrx_word' id='word_1_30' title='bbox 145 700 237 759; x_wconf 89' lang='lat' dir='ltr'><strong>tionis</strong></span> <span class='ocrx_word' id='word_1_31' title='bbox 265 702 465 759; x_wconf 85' lang='lat' dir='ltr'><strong>amantissimi</strong></span> <span class='ocrx_word' id='word_1_32' title='bbox 491 700 549 758; x_wconf 86' lang='lat' dir='ltr'><strong>viri</strong></span> <span class='ocrx_word' id='word_1_33' title='bbox 574 702 696 759; x_wconf 85' lang='lat' dir='ltr'><strong>Ioannis</strong></span> <span class='ocrx_word' id='word_1_34' title='bbox 716 694 932 757; x_wconf 79' lang='lat' dir='ltr'><strong>llernsuhwam</strong></span> <span class='ocrx_word' id='word_1_35' title='bbox 953 696 1040 776; x_wconf 75' lang='lat' dir='ltr'><strong>(lpoli</strong></span> <span class='ocrx_word' id='word_1_36' title='bbox 1061 706 1130 753; x_wconf 82' lang='lat' dir='ltr'><strong>sunt</strong></span> <span class='ocrx_word' id='word_1_37' title='bbox 1149 697 1251 770; x_wconf 59' lang='lat' dir='ltr'><strong>allatii</strong></span> 
     </span>
     <span class='ocr_line' id='line_1_6' title="bbox 109 780 1252 865; baseline -0.001 -23"><span class='ocrx_word' id='word_1_38' title='bbox 109 833 112 842; x_wconf 91' lang='lat'>.</span> <span class='ocrx_word' id='word_1_39' title='bbox 146 795 290 864; x_wconf 88' lang='lat' dir='ltr'><strong>quartum</strong></span> <span class='ocrx_word' id='word_1_40' title='bbox 311 785 374 865; x_wconf 76' lang='lat' dir='ltr'><strong>[D]</strong></span> <span class='ocrx_word' id='word_1_41' title='bbox 393 786 516 846; x_wconf 88' lang='lat' dir='ltr'><strong>loannis</strong></span> <span class='ocrx_word' id='word_1_42' title='bbox 536 786 638 846; x_wconf 86' lang='lat' dir='ltr'><strong>laeobi</strong></span> <span class='ocrx_word' id='word_1_43' title='bbox 657 784 803 863; x_wconf 79' lang='lat' dir='ltr'><strong>Fuggeri,</strong></span> <span class='ocrx_word' id='word_1_44' title='bbox 831 784 1015 842; x_wconf 78' lang='lat' dir='ltr'><strong>Maecenatis</strong></span> <span class='ocrx_word' id='word_1_45' title='bbox 1033 783 1112 855; x_wconf 88' lang='lat' dir='ltr'><strong>mei,</strong></span> <span class='ocrx_word' id='word_1_46' title='bbox 1138 780 1252 841; x_wconf 75' lang='lat' dir='ltr'><strong>biblio-</strong></span> 
     </span>
     <span class='ocr_line' id='line_1_7' title="bbox 145 864 1253 953; baseline -0.003 -24"><span class='ocrx_word' id='word_1_47' title='bbox 145 868 236 929; x_wconf 83' lang='lat' dir='ltr'><strong>tbeoa</strong></span> <span class='ocrx_word' id='word_1_48' title='bbox 262 870 484 952; x_wconf 84' lang='lat' dir='ltr'><strong>suppeditarit;</strong></span> <span class='ocrx_word' id='word_1_49' title='bbox 513 871 656 953; x_wconf 86' lang='lat' dir='ltr'><strong>quintum</strong></span> <span class='ocrx_word' id='word_1_50' title='bbox 682 889 724 929; x_wconf 84' lang='lat' dir='ltr'><strong>ex</strong></span> <span class='ocrx_word' id='word_1_51' title='bbox 751 870 915 929; x_wconf 82' lang='lat' dir='ltr'><strong>Viennenui</strong></span> <span class='ocrx_word' id='word_1_52' title='bbox 942 864 1126 926; x_wconf 72' lang='lat' dir='ltr'><strong>bibliotheca</strong></span> <span class='ocrx_word' id='word_1_53' title='bbox 1145 866 1253 926; x_wconf 85' lang='lat' dir='ltr'><strong>claris-</strong></span> 
     </span>
     <span class='ocr_line' id='line_1_8' title="bbox 144 951 1253 1037; baseline -0.003 -23"><span class='ocrx_word' id='word_1_54' title='bbox 144 958 242 1017; x_wconf 84' lang='lat' dir='ltr'><strong>simus</strong></span> <span class='ocrx_word' id='word_1_55' title='bbox 262 960 311 1017; x_wconf 80' lang='lat' dir='ltr'><strong>vir</strong></span> <span class='ocrx_word' id='word_1_56' title='bbox 331 956 363 1017; x_wconf 80' lang='lat' dir='ltr'><strong>d.</strong></span> <span class='ocrx_word' id='word_1_57' title='bbox 383 959 500 1036; x_wconf 82' lang='lat' dir='ltr'><strong>Gaspar</strong></span> <span class='ocrx_word' id='word_1_58' title='bbox 520 976 540 1015; x_wconf 85' lang='lat' dir='ltr'><strong>a</strong></span> <span class='ocrx_word' id='word_1_59' title='bbox 557 954 723 1037; x_wconf 83' lang='lat' dir='ltr'><strong>Nydprug,</strong></span> <span class='ocrx_word' id='word_1_60' title='bbox 752 964 872 1014; x_wconf 87' lang='lat' dir='ltr'><strong>senator</strong></span> <span class='ocrx_word' id='word_1_61' title='bbox 895 955 1013 1031; x_wconf 80' lang='lat' dir='ltr'><strong>regius,</strong></span> <span class='ocrx_word' id='word_1_62' title='bbox 1039 951 1119 1011; x_wconf 74' lang='lat' dir='ltr'><strong>ultro</strong></span> <span class='ocrx_word' id='word_1_63' title='bbox 1140 951 1253 1011; x_wconf 86' lang='lat' dir='ltr'><strong>libera-</strong></span> 
     </span>
     <span class='ocr_line' id='line_1_9' title="bbox 144 1038 1254 1121; baseline -0.005 -21"><span class='ocrx_word' id='word_1_64' title='bbox 144 1040 217 1100; x_wconf 89' lang='lat' dir='ltr'><strong>liter</strong></span> <span class='ocrx_word' id='word_1_65' title='bbox 243 1044 493 1118; x_wconf 70' lang='lat' dir='ltr'><strong>manicavit,</strong></span> <span class='ocrx_word' id='word_1_66' title='bbox 526 1060 624 1121; x_wconf 89' lang='lat' dir='ltr'><strong>eoque</strong></span> <span class='ocrx_word' id='word_1_67' title='bbox 649 1042 749 1102; x_wconf 83' lang='lat' dir='ltr'><strong>uffioio</strong></span> <span class='ocrx_word' id='word_1_68' title='bbox 770 1060 844 1101; x_wconf 81' lang='lat' dir='ltr'><strong>suste</strong></span> <span class='ocrx_word' id='word_1_69' title='bbox 865 1058 959 1121; x_wconf 80' lang='lat' dir='ltr'><strong>quam</strong></span> <span class='ocrx_word' id='word_1_70' title='bbox 979 1038 1149 1097; x_wconf 75' lang='lat' dir='ltr'><strong>necessario</strong></span> <span class='ocrx_word' id='word_1_71' title='bbox 1169 1038 1254 1095; x_wconf 82' lang='lat' dir='ltr'><strong>mul-</strong></span> 
     </span>
     <span class='ocr_line' id='line_1_10' title="bbox 143 1124 1253 1206; baseline -0.001 -22"><span class='ocrx_word' id='word_1_72' title='bbox 143 1136 212 1185; x_wconf 90' lang='lat' dir='ltr'><strong>tum</strong></span> <span class='ocrx_word' id='word_1_73' title='bbox 237 1139 363 1188; x_wconf 84' lang='lat' dir='ltr'><strong>eunatus</strong></span> <span class='ocrx_word' id='word_1_74' title='bbox 385 1136 505 1188; x_wconf 85' lang='lat' dir='ltr'><strong>nostros</strong></span> <span class='ocrx_word' id='word_1_75' title='bbox 526 1128 613 1189; x_wconf 76' lang='lat' dir='ltr'><strong>iuvit</strong></span> <span class='ocrx_word' id='word_1_76' title='bbox 653 1145 728 1185; x_wconf 85' lang='lat' dir='ltr'><strong>nam</strong></span> <span class='ocrx_word' id='word_1_77' title='bbox 747 1126 862 1206; x_wconf 87' lang='lat' dir='ltr'><strong>absque</strong></span> <span class='ocrx_word' id='word_1_78' title='bbox 883 1145 919 1185; x_wconf 93' lang='lat' dir='ltr'><strong>so</strong></span> <span class='ocrx_word' id='word_1_79' title='bbox 940 1124 1111 1200; x_wconf 79' lang='lat' dir='ltr'><strong>siluisset,</strong></span> <span class='ocrx_word' id='word_1_80' title='bbox 1137 1124 1253 1183; x_wconf 82' lang='lat' dir='ltr'><strong>multae</strong></span> 
     </span>
     <span class='ocr_line' id='line_1_11' title="bbox 142 1206 1254 1292; baseline -0.003 -22"><span class='ocrx_word' id='word_1_81' title='bbox 142 1212 270 1271; x_wconf 85' lang='lat' dir='ltr'><strong>laounae</strong></span> <span class='ocrx_word' id='word_1_82' title='bbox 288 1216 322 1272; x_wconf 88' lang='lat' dir='ltr'><strong>iu</strong></span> <span class='ocrx_word' id='word_1_83' title='bbox 342 1216 461 1274; x_wconf 73' lang='lat' dir='ltr'><strong>Zonara</strong></span> <span class='ocrx_word' id='word_1_84' title='bbox 480 1210 700 1292; x_wconf 73' lang='lat' dir='ltr'><strong>relinquendae</strong></span> <span class='ocrx_word' id='word_1_85' title='bbox 718 1212 858 1271; x_wconf 81' lang='lat' dir='ltr'><strong>fuissent.</strong></span> <span class='ocrx_word' id='word_1_86' title='bbox 900 1230 942 1269; x_wconf 83' lang='lat' dir='ltr'><strong>ax</strong></span> <span class='ocrx_word' id='word_1_87' title='bbox 959 1206 1008 1270; x_wconf 84' lang='lat' dir='ltr'><strong>hir</strong></span> <span class='ocrx_word' id='word_1_88' title='bbox 1025 1207 1086 1270; x_wconf 90' lang='lat' dir='ltr'><strong>duo</strong></span> <span class='ocrx_word' id='word_1_89' title='bbox 1104 1206 1254 1268; x_wconf 84' lang='lat' dir='ltr'><strong>duntaxat</strong></span> 
     </span>
     <span class='ocr_line' id='line_1_12' title="bbox 141 1294 1252 1376; baseline -0.002 -21"><span class='ocrx_word' id='word_1_90' title='bbox 141 1298 254 1375; x_wconf 78' lang='lat' dir='ltr'><strong>integri</strong></span> <span class='ocrx_word' id='word_1_91' title='bbox 284 1300 387 1376; x_wconf 80' lang='lat' dir='ltr'><strong>fuera,</strong></span> <span class='ocrx_word' id='word_1_92' title='bbox 423 1299 600 1376; x_wconf 79' lang='lat' dir='ltr'><strong>cpolitanus</strong></span> <span class='ocrx_word' id='word_1_93' title='bbox 634 1298 673 1355; x_wconf 89' lang='lat' dir='ltr'><strong>ab</strong></span> <span class='ocrx_word' id='word_1_94' title='bbox 707 1298 841 1366; x_wconf 78' lang='lat' dir='ltr'><strong>Antonio</strong></span> <span class='ocrx_word' id='word_1_95' title='bbox 872 1296 1082 1355; x_wconf 78' lang='lat' dir='ltr'><strong>Cantamzsno</strong></span> <span class='ocrx_word' id='word_1_96' title='bbox 1112 1294 1252 1374; x_wconf 79' lang='lat' dir='ltr'><strong>Byzantii</strong></span> 
     </span>
     <span class='ocr_line' id='line_1_13' title="bbox 142 1380 1252 1464; baseline -0.003 -23"><span class='ocrx_word' id='word_1_97' title='bbox 142 1394 264 1462; x_wconf 87' lang='lat' dir='ltr'><strong>emptus</strong></span> <span class='ocrx_word' id='word_1_98' title='bbox 286 1383 359 1461; x_wconf 80' lang='lat'><strong>[0]‚</strong></span> <span class='ocrx_word' id='word_1_99' title='bbox 381 1392 411 1441; x_wconf 85' lang='lat' dir='ltr'><strong>et</strong></span> <span class='ocrx_word' id='word_1_100' title='bbox 432 1384 611 1443; x_wconf 83' lang='lat' dir='ltr'><strong>Viennensis</strong></span> <span class='ocrx_word' id='word_1_101' title='bbox 634 1382 711 1461; x_wconf 72' lang='lat'>[1³12</span> <span class='ocrx_word' id='word_1_102' title='bbox 732 1384 842 1464; x_wconf 88' lang='lat' dir='ltr'><strong>reliqui</strong></span> <span class='ocrx_word' id='word_1_103' title='bbox 861 1392 921 1441; x_wconf 88' lang='lat' dir='ltr'><strong>tres</strong></span> <span class='ocrx_word' id='word_1_104' title='bbox 942 1380 1099 1441; x_wconf 76' lang='lat' dir='ltr'><strong>historiam</strong></span> <span class='ocrx_word' id='word_1_105' title='bbox 1119 1382 1252 1459; x_wconf 83' lang='lat' dir='ltr'><strong>imperu-</strong></span> 
     </span>
     <span class='ocr_line' id='line_1_14' title="bbox 141 1464 1252 1546; baseline -0.005 -17"><span class='ocrx_word' id='word_1_106' title='bbox 141 1478 245 1529; x_wconf 83' lang='lat' dir='ltr'><strong>torum</strong></span> <span class='ocrx_word' id='word_1_107' title='bbox 264 1467 417 1526; x_wconf 82' lang='lat' dir='ltr'><strong>duntaxat</strong></span> <span class='ocrx_word' id='word_1_108' title='bbox 434 1464 623 1543; x_wconf 85' lang='lat' dir='ltr'><strong>habuemnt‚</strong></span> <span class='ocrx_word' id='word_1_109' title='bbox 654 1488 712 1526; x_wconf 85' lang='lat' dir='ltr'><strong>neu</strong></span> <span class='ocrx_word' id='word_1_110' title='bbox 733 1487 803 1527; x_wconf 89' lang='lat' dir='ltr'><strong>eam</strong></span> <span class='ocrx_word' id='word_1_111' title='bbox 823 1486 929 1529; x_wconf 85' lang='lat' dir='ltr'><strong>omnes</strong></span> <span class='ocrx_word' id='word_1_112' title='bbox 947 1469 1107 1546; x_wconf 85' lang='lat' dir='ltr'><strong>integram.</strong></span> <span class='ocrx_word' id='word_1_113' title='bbox 1150 1484 1252 1545; x_wconf 84' lang='lat' dir='ltr'><strong>neque</strong></span> 
     </span>
     <span class='ocr_line' id='line_1_15' title="bbox 140 1548 1253 1634; baseline -0.003 -22"><span class='ocrx_word' id='word_1_114' title='bbox 140 1555 225 1612; x_wconf 90' lang='lat' dir='ltr'><strong>ullus</strong></span> <span class='ocrx_word' id='word_1_115' title='bbox 253 1571 295 1610; x_wconf 88' lang='lat' dir='ltr'><strong>ex</strong></span> <span class='ocrx_word' id='word_1_116' title='bbox 321 1551 372 1612; x_wconf 88' lang='lat' dir='ltr'><strong>his</strong></span> <span class='ocrx_word' id='word_1_117' title='bbox 400 1553 541 1614; x_wconf 88' lang='lat' dir='ltr'><strong>omnibus</strong></span> <span class='ocrx_word' id='word_1_118' title='bbox 572 1554 632 1612; x_wconf 83' lang='lat' dir='ltr'><strong>fuit</strong></span> <span class='ocrx_word' id='word_1_119' title='bbox 660 1556 695 1612; x_wconf 89' lang='lat' dir='ltr'><strong>in</strong></span> <span class='ocrx_word' id='word_1_120' title='bbox 724 1573 785 1634; x_wconf 90' lang='lat' dir='ltr'><strong>quo</strong></span> <span class='ocrx_word' id='word_1_121' title='bbox 813 1573 875 1613; x_wconf 83' lang='lat' dir='ltr'><strong>non</strong></span> <span class='ocrx_word' id='word_1_122' title='bbox 903 1552 1001 1612; x_wconf 88' lang='lat' dir='ltr'><strong>multa</strong></span> <span class='ocrx_word' id='word_1_123' title='bbox 1029 1562 1060 1611; x_wconf 88' lang='lat' dir='ltr'><strong>et</strong></span> <span class='ocrx_word' id='word_1_124' title='bbox 1089 1548 1253 1630; x_wconf 80' lang='lat' dir='ltr'><strong>depravata</strong></span> 
     </span>
     <span class='ocr_line' id='line_1_16' title="bbox 139 1638 1252 1719; baseline -0.001 -23"><span class='ocrx_word' id='word_1_125' title='bbox 139 1647 172 1697; x_wconf 90' lang='lat' dir='ltr'><strong>et</strong></span> <span class='ocrx_word' id='word_1_126' title='bbox 201 1638 342 1697; x_wconf 86' lang='lat' dir='ltr'><strong>mutilata</strong></span> <span class='ocrx_word' id='word_1_127' title='bbox 371 1648 491 1699; x_wconf 83' lang='lat' dir='ltr'><strong>essent:</strong></span> <span class='ocrx_word' id='word_1_128' title='bbox 525 1657 604 1719; x_wconf 87' lang='lat' dir='ltr'><strong>quas</strong></span> <span class='ocrx_word' id='word_1_129' title='bbox 629 1658 671 1698; x_wconf 84' lang='lat' dir='ltr'><strong>ex</strong></span> <span class='ocrx_word' id='word_1_130' title='bbox 697 1640 822 1698; x_wconf 79' lang='lat' dir='ltr'><strong>caeteris</strong></span> <span class='ocrx_word' id='word_1_131' title='bbox 851 1638 961 1717; x_wconf 88' lang='lat' dir='ltr'><strong>partim</strong></span> <span class='ocrx_word' id='word_1_132' title='bbox 991 1638 1114 1715; x_wconf 78' lang='lat' dir='ltr'><strong>explevi</strong></span> <span class='ocrx_word' id='word_1_133' title='bbox 1140 1640 1252 1717; x_wconf 84' lang='lat' dir='ltr'><strong>partina</strong></span> 
     </span>
     <span class='ocr_line' id='line_1_17' title="bbox 139 1723 1252 1801; baseline -0.002 -18"><span class='ocrx_word' id='word_1_134' title='bbox 139 1725 269 1783; x_wconf 84' lang='lat' dir='ltr'><strong>correxi.</strong></span> <span class='ocrx_word' id='word_1_135' title='bbox 311 1725 371 1783; x_wconf 85' lang='lat' dir='ltr'><strong>etsi</strong></span> <span class='ocrx_word' id='word_1_136' title='bbox 397 1732 501 1782; x_wconf 87' lang='lat' dir='ltr'><strong>autern</strong></span> <span class='ocrx_word' id='word_1_137' title='bbox 526 1725 560 1782; x_wconf 88' lang='lat' dir='ltr'><strong>iu</strong></span> <span class='ocrx_word' id='word_1_138' title='bbox 585 1724 738 1801; x_wconf 83' lang='lat' dir='ltr'><strong>integrum</strong></span> <span class='ocrx_word' id='word_1_139' title='bbox 765 1726 868 1783; x_wconf 86' lang='lat' dir='ltr'><strong>omnia</strong></span> <span class='ocrx_word' id='word_1_140' title='bbox 893 1724 1051 1783; x_wconf 85' lang='lat' dir='ltr'><strong>restituere</strong></span> <span class='ocrx_word' id='word_1_141' title='bbox 1077 1741 1139 1784; x_wconf 86' lang='lat' dir='ltr'><strong>nou</strong></span> <span class='ocrx_word' id='word_1_142' title='bbox 1164 1723 1252 1781; x_wconf 79' lang='lat' dir='ltr'><strong>linuit</strong></span> 
     </span>
     <span class='ocr_line' id='line_1_18' title="bbox 139 1806 1251 1889; baseline -0.001 -23"><span class='ocrx_word' id='word_1_143' title='bbox 139 1806 274 1885; x_wconf 88' lang='lat' dir='ltr'><strong>(alicubi</strong></span> <span class='ocrx_word' id='word_1_144' title='bbox 302 1810 386 1868; x_wconf 87' lang='lat' dir='ltr'><strong>euim</strong></span> <span class='ocrx_word' id='word_1_145' title='bbox 413 1827 519 1868; x_wconf 86' lang='lat' dir='ltr'><strong>omnes</strong></span> <span class='ocrx_word' id='word_1_146' title='bbox 544 1810 612 1867; x_wconf 89' lang='lat' dir='ltr'><strong>noti</strong></span> <span class='ocrx_word' id='word_1_147' title='bbox 635 1820 726 1888; x_wconf 86' lang='lat' dir='ltr'><strong>atque</strong></span> <span class='ocrx_word' id='word_1_148' title='bbox 753 1811 859 1883; x_wconf 77' lang='lat' dir='ltr'><strong>amini,</strong></span> <span class='ocrx_word' id='word_1_149' title='bbox 891 1818 925 1868; x_wconf 88' lang='lat' dir='ltr'><strong>ut</strong></span> <span class='ocrx_word' id='word_1_150' title='bbox 945 1810 999 1867; x_wconf 91' lang='lat' dir='ltr'><strong>ille</strong></span> <span class='ocrx_word' id='word_1_151' title='bbox 1021 1810 1170 1889; x_wconf 79' lang='lat' dir='ltr'><strong>queritur,</strong></span> <span class='ocrx_word' id='word_1_152' title='bbox 1200 1826 1251 1865; x_wconf 87' lang='lat' dir='ltr'><strong>rna</strong></span> 
     </span>
     <span class='ocr_line' id='line_1_19' title="bbox 139 1890 1251 1974; baseline 0.002 -24"><span class='ocrx_word' id='word_1_153' title='bbox 139 1892 373 1971; x_wconf 86' lang='lat' dir='ltr'><strong>deseruerunt),</strong></span> <span class='ocrx_word' id='word_1_154' title='bbox 404 1904 509 1952; x_wconf 84' lang='lat' dir='ltr'><strong>tamen</strong></span> <span class='ocrx_word' id='word_1_155' title='bbox 528 1912 598 1952; x_wconf 88' lang='lat' dir='ltr'><strong>eam</strong></span> <span class='ocrx_word' id='word_1_156' title='bbox 619 1912 744 1974; x_wconf 88' lang='lat' dir='ltr'><strong>operam</strong></span> <span class='ocrx_word' id='word_1_157' title='bbox 764 1912 892 1951; x_wconf 82' lang='lat' dir='ltr'><strong>narasse</strong></span> <span class='ocrx_word' id='word_1_158' title='bbox 914 1890 1035 1965; x_wconf 86' lang='lat' dir='ltr'><strong>videor,</strong></span> <span class='ocrx_word' id='word_1_159' title='bbox 1067 1901 1101 1950; x_wconf 86' lang='lat' dir='ltr'><strong>ut</strong></span> <span class='ocrx_word' id='word_1_160' title='bbox 1122 1892 1251 1952; x_wconf 83' lang='lat' dir='ltr'><strong>lectores</strong></span> 
     </span>
     <span class='ocr_line' id='line_1_20' title="bbox 138 1977 1253 2059; baseline -0.001 -22"><span class='ocrx_word' id='word_1_161' title='bbox 138 1978 257 2059; x_wconf 86' lang='lat' dir='ltr'><strong>aliquid</strong></span> <span class='ocrx_word' id='word_1_162' title='bbox 283 1982 358 2039; x_wconf 87' lang='lat' dir='ltr'><strong>meis</strong></span> <span class='ocrx_word' id='word_1_163' title='bbox 380 1979 534 2038; x_wconf 86' lang='lat' dir='ltr'><strong>laboribus</strong></span> <span class='ocrx_word' id='word_1_164' title='bbox 554 1977 685 2036; x_wconf 81' lang='lat' dir='ltr'><strong>debituri</strong></span> <span class='ocrx_word' id='word_1_165' title='bbox 706 1988 737 2035; x_wconf 88' lang='lat' dir='ltr'><strong>et</strong></span> <span class='ocrx_word' id='word_1_166' title='bbox 757 1978 970 2055; x_wconf 84' lang='lat' dir='ltr'><strong>praetermissa</strong></span> <span class='ocrx_word' id='word_1_167' title='bbox 991 1978 1064 2035; x_wconf 79' lang='lat' dir='ltr'><strong>boui</strong></span> <span class='ocrx_word' id='word_1_168' title='bbox 1085 1978 1253 2036; x_wconf 81' lang='lat' dir='ltr'><strong>consulturi</strong></span> 
     </span>
     <span class='ocr_line' id='line_1_21' title="bbox 135 2061 1251 2145; baseline 0 -22"><span class='ocrx_word' id='word_1_169' title='bbox 135 2065 215 2141; x_wconf 82' lang='lat' dir='ltr'><strong>sint,</strong></span> <span class='ocrx_word' id='word_1_170' title='bbox 235 2065 296 2124; x_wconf 87' lang='lat' dir='ltr'><strong>uisi</strong></span> <span class='ocrx_word' id='word_1_171' title='bbox 315 2066 416 2145; x_wconf 89' lang='lat' dir='ltr'><strong>iniqui</strong></span> <span class='ocrx_word' id='word_1_172' title='bbox 436 2083 502 2123; x_wconf 87' lang='lat' dir='ltr'><strong>essa</strong></span> <span class='ocrx_word' id='word_1_173' title='bbox 522 2064 628 2125; x_wconf 82' lang='lat' dir='ltr'><strong>velint.</strong></span> <span class='ocrx_word' id='word_1_174' title='bbox 669 2081 743 2119; x_wconf 87' lang='lat' dir='ltr'><strong>nam</strong></span> <span class='ocrx_word' id='word_1_175' title='bbox 761 2074 891 2142; x_wconf 86' lang='lat' dir='ltr'><strong>quantae</strong></span> <span class='ocrx_word' id='word_1_176' title='bbox 907 2061 1065 2121; x_wconf 81' lang='lat' dir='ltr'><strong>molestiae</strong></span> <span class='ocrx_word' id='word_1_177' title='bbox 1080 2081 1144 2120; x_wconf 82' lang='lat' dir='ltr'><strong>esse</strong></span> <span class='ocrx_word' id='word_1_178' title='bbox 1160 2072 1251 2139; x_wconf 90' lang='lat' dir='ltr'><strong>putas</strong></span> 
     </span>
     <span class='ocr_line' id='line_1_22' title="bbox 136 2144 1251 2230; baseline -0.003 -22"><span class='ocrx_word' id='word_1_179' title='bbox 136 2148 194 2230; x_wconf 86' lang='lat' dir='ltr'><strong>(ut</strong></span> <span class='ocrx_word' id='word_1_180' title='bbox 215 2151 420 2209; x_wconf 82' lang='lat' dir='ltr'><strong>conversionis</strong></span> <span class='ocrx_word' id='word_1_181' title='bbox 440 2166 599 2207; x_wconf 82' lang='lat' dir='ltr'><strong>aerumnas</strong></span> <span class='ocrx_word' id='word_1_182' title='bbox 619 2144 756 2225; x_wconf 79' lang='lat' dir='ltr'><strong>taceam)</strong></span> <span class='ocrx_word' id='word_1_183' title='bbox 779 2148 920 2209; x_wconf 86' lang='lat' dir='ltr'><strong>oramben</strong></span> <span class='ocrx_word' id='word_1_184' title='bbox 940 2166 1001 2207; x_wconf 88' lang='lat' dir='ltr'><strong>uun</strong></span> <span class='ocrx_word' id='word_1_185' title='bbox 1022 2148 1067 2207; x_wconf 87' lang='lat' dir='ltr'><strong>bis</strong></span> <span class='ocrx_word' id='word_1_186' title='bbox 1085 2148 1146 2205; x_wconf 85' lang='lat' dir='ltr'><strong>sed</strong></span> <span class='ocrx_word' id='word_1_187' title='bbox 1158 2148 1251 2227; x_wconf 86' lang='lat' dir='ltr'><strong>quiu-</strong></span> 
     </span>
     <span class='ocr_line' id='line_1_23' title="bbox 134 2220 1249 2315; baseline -0.001 -21"><span class='ocrx_word' id='word_1_188' title='bbox 134 2236 226 2315; x_wconf 84' lang='lat' dir='ltr'><strong>quias</strong></span> <span class='ocrx_word' id='word_1_189' title='bbox 252 2237 412 2315; x_wconf 82' lang='lat' dir='ltr'><strong>repetitam</strong></span> <span class='ocrx_word' id='word_1_190' title='bbox 441 2230 610 2292; x_wconf 63' lang='lat' dir='ltr'><strong>devorare?</strong></span> <span class='ocrx_word' id='word_1_191' title='bbox 653 2241 778 2312; x_wconf 88' lang='lat' dir='ltr'><strong>apparet</strong></span> <span class='ocrx_word' id='word_1_192' title='bbox 807 2230 865 2291; x_wconf 89' lang='lat' dir='ltr'><strong>buo</strong></span> <span class='ocrx_word' id='word_1_193' title='bbox 887 2250 963 2311; x_wconf 86' lang='lat' dir='ltr'><strong>opus</strong></span> <span class='ocrx_word' id='word_1_194' title='bbox 986 2220 1061 2292; x_wconf 74' lang='lat' dir='ltr'><strong>&#39;olim</strong></span> <span class='ocrx_word' id='word_1_195' title='bbox 1082 2234 1115 2289; x_wconf 91' lang='lat' dir='ltr'><strong>in</strong></span> <span class='ocrx_word' id='word_1_196' title='bbox 1136 2250 1249 2311; x_wconf 78' lang='lat' dir='ltr'><strong>magno</strong></span> 
     </span>
     <span class='ocr_line' id='line_1_24' title="bbox 133 2317 1249 2400; baseline -0.001 -21"><span class='ocrx_word' id='word_1_197' title='bbox 133 2321 233 2379; x_wconf 78' lang='lat' dir='ltr'><strong>fultas</strong></span> <span class='ocrx_word' id='word_1_198' title='bbox 259 2322 372 2400; x_wconf 86' lang='lat' dir='ltr'><strong>pretio,</strong></span> <span class='ocrx_word' id='word_1_199' title='bbox 401 2337 437 2377; x_wconf 78' lang='lat' dir='ltr'><strong>au</strong></span> <span class='ocrx_word' id='word_1_200' title='bbox 464 2317 642 2398; x_wconf 84' lang='lat' dir='ltr'><strong>saepissime</strong></span> <span class='ocrx_word' id='word_1_201' title='bbox 670 2318 854 2398; x_wconf 84' lang='lat' dir='ltr'><strong>desoriptum</strong></span> <span class='ocrx_word' id='word_1_202' title='bbox 883 2318 922 2375; x_wconf 87' lang='lat' dir='ltr'><strong>ab</strong></span> <span class='ocrx_word' id='word_1_203' title='bbox 949 2320 988 2376; x_wconf 91' lang='lat' dir='ltr'><strong>iis</strong></span> <span class='ocrx_word' id='word_1_204' title='bbox 1010 2321 1062 2400; x_wconf 84' lang='lat' dir='ltr'><strong>qul</strong></span> <span class='ocrx_word' id='word_1_205' title='bbox 1083 2322 1249 2378; x_wconf 82' lang='lat' dir='ltr'><strong>sententias</strong></span> 
     </span>
     <span class='ocr_line' id='line_1_25' title="bbox 134 2405 1249 2488; baseline -0.002 -24"><span class='ocrx_word' id='word_1_206' title='bbox 134 2406 269 2465; x_wconf 83' lang='lat' dir='ltr'><strong>auotoris</strong></span> <span class='ocrx_word' id='word_1_207' title='bbox 300 2405 389 2488; x_wconf 90' lang='lat' dir='ltr'><strong>sequi</strong></span> <span class='ocrx_word' id='word_1_208' title='bbox 418 2407 568 2479; x_wconf 84' lang='lat' dir='ltr'><strong>eontenti,</strong></span> <span class='ocrx_word' id='word_1_209' title='bbox 601 2405 694 2464; x_wconf 81' lang='lat' dir='ltr'><strong>rerba</strong></span> <span class='ocrx_word' id='word_1_210' title='bbox 721 2407 787 2462; x_wconf 88' lang='lat' dir='ltr'><strong>eius</strong></span> <span class='ocrx_word' id='word_1_211' title='bbox 814 2423 877 2463; x_wconf 90' lang='lat' dir='ltr'><strong>non</strong></span> <span class='ocrx_word' id='word_1_212' title='bbox 907 2405 1022 2463; x_wconf 84' lang='lat' dir='ltr'><strong>euriosa</strong></span> <span class='ocrx_word' id='word_1_213' title='bbox 1052 2405 1249 2481; x_wconf 80' lang='lat' dir='ltr'><strong>observarint,</strong></span> 
     </span>
     <span class='ocr_line' id='line_1_26' title="bbox 132 2487 1251 2571; baseline -0.002 -20"><span class='ocrx_word' id='word_1_214' title='bbox 132 2512 173 2551; x_wconf 85' lang='lat' dir='ltr'><strong>au</strong></span> <span class='ocrx_word' id='word_1_215' title='bbox 209 2492 315 2571; x_wconf 87' lang='lat' dir='ltr'><strong>potius</strong></span> <span class='ocrx_word' id='word_1_216' title='bbox 345 2508 416 2549; x_wconf 84' lang='lat' dir='ltr'><strong>eum</strong></span> <span class='ocrx_word' id='word_1_217' title='bbox 446 2491 503 2550; x_wconf 87' lang='lat' dir='ltr'><strong>illo</strong></span> <span class='ocrx_word' id='word_1_218' title='bbox 532 2499 646 2548; x_wconf 78' lang='lat' dir='ltr'><strong>certare</strong></span> <span class='ocrx_word' id='word_1_219' title='bbox 673 2489 824 2548; x_wconf 81' lang='lat' dir='ltr'><strong>voluerint</strong></span> <span class='ocrx_word' id='word_1_220' title='bbox 851 2489 1028 2569; x_wconf 85' lang='lat' dir='ltr'><strong>paraphrasi</strong></span> <span class='ocrx_word' id='word_1_221' title='bbox 1056 2487 1189 2571; x_wconf 88' lang='lat' dir='ltr'><strong>quadam</strong></span> <span class='ocrx_word' id='word_1_222' title='bbox 1218 2501 1251 2550; x_wconf 87' lang='lat' dir='ltr'><strong>et</strong></span> 
     </span>
     <span class='ocr_line' id='line_1_27' title="bbox 132 2576 1250 2656; baseline -0.001 -20"><span class='ocrx_word' id='word_1_223' title='bbox 132 2577 225 2655; x_wconf 86' lang='lat' dir='ltr'><strong>nupia</strong></span> <span class='ocrx_word' id='word_1_224' title='bbox 255 2576 454 2650; x_wconf 75' lang='lat' dir='ltr'><strong>elocutionis,</strong></span> <span class='ocrx_word' id='word_1_225' title='bbox 490 2576 524 2633; x_wconf 91' lang='lat' dir='ltr'><strong>in</strong></span> <span class='ocrx_word' id='word_1_226' title='bbox 554 2577 654 2654; x_wconf 87' lang='lat' dir='ltr'><strong>primo</strong></span> <span class='ocrx_word' id='word_1_227' title='bbox 684 2585 769 2634; x_wconf 85' lang='lat' dir='ltr'><strong>tome</strong></span> <span class='ocrx_word' id='word_1_228' title='bbox 799 2577 997 2654; x_wconf 78' lang='lat' dir='ltr'><strong>praesertimr</strong></span> <span class='ocrx_word' id='word_1_229' title='bbox 1035 2594 1113 2656; x_wconf 85' lang='lat' dir='ltr'><strong>quaa</strong></span> <span class='ocrx_word' id='word_1_230' title='bbox 1145 2577 1250 2636; x_wconf 82' lang='lat' dir='ltr'><strong>urnula</strong></span> 
     </span>
     <span class='ocr_line' id='line_1_28' title="bbox 133 2660 1249 2741; baseline -0.002 -20"><span class='ocrx_word' id='word_1_231' title='bbox 133 2671 282 2722; x_wconf 83' lang='lat' dir='ltr'><strong>annotare</strong></span> <span class='ocrx_word' id='word_1_232' title='bbox 305 2672 336 2721; x_wconf 90' lang='lat' dir='ltr'><strong>et</strong></span> <span class='ocrx_word' id='word_1_233' title='bbox 354 2662 460 2740; x_wconf 81' lang='lat' dir='ltr'><strong>magni</strong></span> <span class='ocrx_word' id='word_1_234' title='bbox 480 2661 593 2720; x_wconf 88' lang='lat' dir='ltr'><strong>laboris</strong></span> <span class='ocrx_word' id='word_1_235' title='bbox 613 2671 645 2720; x_wconf 89' lang='lat' dir='ltr'><strong>et</strong></span> <span class='ocrx_word' id='word_1_236' title='bbox 664 2679 924 2740; x_wconf 82' lang='lat' dir='ltr'><strong>supervacaneum</strong></span> <span class='ocrx_word' id='word_1_237' title='bbox 944 2660 1062 2734; x_wconf 75' lang='lat' dir='ltr'><strong>fuisset,</strong></span> <span class='ocrx_word' id='word_1_238' title='bbox 1103 2679 1249 2741; x_wconf 84' lang='lat' dir='ltr'><strong>quorsum</strong></span> 
     </span>
     <span class='ocr_line' id='line_1_29' title="bbox 132 2742 1248 2828; baseline 0.003 -23"><span class='ocrx_word' id='word_1_239' title='bbox 132 2750 221 2806; x_wconf 89' lang='lat' dir='ltr'><strong>enim</strong></span> <span class='ocrx_word' id='word_1_240' title='bbox 241 2749 350 2807; x_wconf 87' lang='lat' dir='ltr'><strong>attinet</strong></span> <span class='ocrx_word' id='word_1_241' title='bbox 369 2747 553 2827; x_wconf 87' lang='lat' dir='ltr'><strong>persuribere</strong></span> <span class='ocrx_word' id='word_1_242' title='bbox 573 2765 761 2826; x_wconf 82' lang='lat' dir='ltr'><strong>synonyma,</strong></span> <span class='ocrx_word' id='word_1_243' title='bbox 783 2756 817 2804; x_wconf 87' lang='lat' dir='ltr'><strong>ut</strong></span> <span class='ocrx_word' id='word_1_244' title='bbox 837 2766 891 2826; x_wconf 87' lang='lat' dir='ltr'><strong>pro</strong></span> <span class='ocrx_word' id='word_1_245' title='bbox 910 2743 1070 2825; x_wconf 77' lang='grc' dir='ltr'><strong><em>ὁμοεθνεῖς</em></strong></span> <span class='ocrx_word' id='word_1_246' title='bbox 1087 2742 1248 2828; x_wconf 74' lang='grc' dir='ltr'><em>ὁμογενεῖς,</em></span> 
     </span>
     <span class='ocr_line' id='line_1_30' title="bbox 132 2827 1248 2913; baseline -0.004 -18"><span class='ocrx_word' id='word_1_247' title='bbox 132 2827 255 2910; x_wconf 65' lang='lat' dir='ltr'><strong>datura</strong></span> <span class='ocrx_word' id='word_1_248' title='bbox 281 2853 338 2913; x_wconf 88' lang='lat' dir='ltr'><strong>pro</strong></span> <span class='ocrx_word' id='word_1_249' title='bbox 367 2831 471 2912; x_wconf 72' lang='grc' dir='ltr'><strong><em>διέδρα</em></strong></span> <span class='ocrx_word' id='word_1_250' title='bbox 499 2842 529 2891; x_wconf 89' lang='lat' dir='ltr'><strong>et</strong></span> <span class='ocrx_word' id='word_1_251' title='bbox 556 2831 589 2891; x_wconf 89' lang='lat' dir='ltr'><strong>id</strong></span> <span class='ocrx_word' id='word_1_252' title='bbox 618 2851 713 2910; x_wconf 84' lang='lat' dir='ltr'><strong>genus</strong></span> <span class='ocrx_word' id='word_1_253' title='bbox 745 2831 820 2908; x_wconf 86' lang='lat' dir='ltr'><strong>alia,</strong></span> <span class='ocrx_word' id='word_1_254' title='bbox 850 2833 883 2889; x_wconf 90' lang='lat' dir='ltr'><strong>in</strong></span> <span class='ocrx_word' id='word_1_255' title='bbox 911 2832 1020 2912; x_wconf 86' lang='lat' dir='ltr'><strong>quibus</strong></span> <span class='ocrx_word' id='word_1_256' title='bbox 1048 2832 1098 2890; x_wconf 85' lang='lat' dir='ltr'><strong>rel</strong></span> <span class='ocrx_word' id='word_1_257' title='bbox 1126 2833 1248 2890; x_wconf 87' lang='lat' dir='ltr'><strong>nullum</strong></span> 
     </span>
     <span class='ocr_line' id='line_1_31' title="bbox 133 2915 1249 2996; baseline -0.003 -19"><span class='ocrx_word' id='word_1_258' title='bbox 133 2918 299 2977; x_wconf 85' lang='lat' dir='ltr'><strong>disorlmen</strong></span> <span class='ocrx_word' id='word_1_259' title='bbox 331 2927 377 2977; x_wconf 89' lang='lat' dir='ltr'><strong>est</strong></span> <span class='ocrx_word' id='word_1_260' title='bbox 404 2918 456 2977; x_wconf 81' lang='lat' dir='ltr'><strong>vel</strong></span> <span class='ocrx_word' id='word_1_261' title='bbox 483 2915 561 2976; x_wconf 86' lang='lat' dir='ltr'><strong>adeo</strong></span> <span class='ocrx_word' id='word_1_262' title='bbox 588 2928 681 2976; x_wconf 87' lang='lat' dir='ltr'><strong>tenua</strong></span> <span class='ocrx_word' id='word_1_263' title='bbox 707 2922 742 2975; x_wconf 89' lang='lat' dir='ltr'><strong>ut</strong></span> <span class='ocrx_word' id='word_1_264' title='bbox 770 2927 800 2975; x_wconf 88' lang='lat' dir='ltr'><strong>et</strong></span> <span class='ocrx_word' id='word_1_265' title='bbox 826 2919 1027 2996; x_wconf 85' lang='lat' dir='ltr'><strong>plurimorum</strong></span> <span class='ocrx_word' id='word_1_266' title='bbox 1055 2915 1249 2975; x_wconf 81' lang='lat' dir='ltr'><strong>animadver-</strong></span> 
     </span>
     <span class='ocr_line' id='line_1_32' title="bbox 131 3002 1249 3084; baseline -0.004 -20"><span class='ocrx_word' id='word_1_267' title='bbox 131 3007 256 3064; x_wconf 87' lang='lat' dir='ltr'><strong>sionem</strong></span> <span class='ocrx_word' id='word_1_268' title='bbox 276 3002 417 3082; x_wconf 80' lang='lat' dir='ltr'><strong>effugiat,</strong></span> <span class='ocrx_word' id='word_1_269' title='bbox 439 3013 471 3061; x_wconf 88' lang='lat' dir='ltr'><strong>at</strong></span> <span class='ocrx_word' id='word_1_270' title='bbox 491 3004 529 3062; x_wconf 87' lang='lat' dir='ltr'><strong>ab</strong></span> <span class='ocrx_word' id='word_1_271' title='bbox 550 3005 588 3062; x_wconf 87' lang='lat' dir='ltr'><strong>iis</strong></span> <span class='ocrx_word' id='word_1_272' title='bbox 610 3004 664 3084; x_wconf 89' lang='lat' dir='ltr'><strong>qui</strong></span> <span class='ocrx_word' id='word_1_273' title='bbox 684 3005 858 3080; x_wconf 86' lang='lat' dir='ltr'><strong>linguarum</strong></span> <span class='ocrx_word' id='word_1_274' title='bbox 876 3003 1047 3062; x_wconf 84' lang='lat' dir='ltr'><strong>libertatem</strong></span> <span class='ocrx_word' id='word_1_275' title='bbox 1069 3005 1249 3080; x_wconf 71' lang='lat' dir='ltr'><strong>grammati-</strong></span> 
     </span>
     <span class='ocr_line' id='line_1_33' title="bbox 132 3085 1248 3168; baseline -0.003 -19"><span class='ocrx_word' id='word_1_276' title='bbox 132 3109 242 3149; x_wconf 82' lang='lat' dir='ltr'><strong>corum</strong></span> <span class='ocrx_word' id='word_1_277' title='bbox 264 3092 400 3167; x_wconf 84' lang='lat' dir='ltr'><strong>angustis</strong></span> <span class='ocrx_word' id='word_1_278' title='bbox 421 3089 570 3148; x_wconf 86' lang='lat' dir='ltr'><strong>limitibus</strong></span> <span class='ocrx_word' id='word_1_279' title='bbox 588 3087 764 3168; x_wconf 62' lang='lat' dir='ltr'><strong>praeierunt</strong></span> <span class='ocrx_word' id='word_1_280' title='bbox 783 3085 978 3167; x_wconf 85' lang='lat' dir='ltr'><strong>negligatur&#39;l</strong></span> <span class='ocrx_word' id='word_1_281' title='bbox 1022 3097 1112 3167; x_wconf 85' lang='lat' dir='ltr'><strong>atque</strong></span> <span class='ocrx_word' id='word_1_282' title='bbox 1133 3089 1165 3145; x_wconf 91' lang='lat' dir='ltr'><strong>in</strong></span> <span class='ocrx_word' id='word_1_283' title='bbox 1187 3085 1248 3146; x_wconf 83' lang='lat' dir='ltr'><strong>hau</strong></span> 
     </span>
     <span class='ocr_line' id='line_1_34' title="bbox 132 3171 1245 3255; baseline -0.004 -21"><span class='ocrx_word' id='word_1_284' title='bbox 132 3174 313 3234; x_wconf 84' lang='lat' dir='ltr'><strong>diversitate</strong></span> <span class='ocrx_word' id='word_1_285' title='bbox 345 3175 544 3233; x_wconf 73' lang='lat' dir='ltr'><strong>vetustissimi</strong></span> <span class='ocrx_word' id='word_1_286' title='bbox 573 3173 687 3233; x_wconf 85' lang='lat' dir='ltr'><strong>oudiois</strong></span> <span class='ocrx_word' id='word_1_287' title='bbox 714 3174 867 3255; x_wconf 76' lang='lat' dir='ltr'><strong>cpolitani</strong></span> <span class='ocrx_word' id='word_1_288' title='bbox 895 3171 989 3232; x_wconf 83' lang='lat' dir='ltr'><strong>fidem</strong></span> <span class='ocrx_word' id='word_1_289' title='bbox 1016 3183 1136 3232; x_wconf 75' lang='lat' dir='ltr'><strong>sequtus</strong></span> <span class='ocrx_word' id='word_1_290' title='bbox 1165 3191 1245 3248; x_wconf 88' lang='lat' dir='ltr'><strong>sum,</strong></span> 
     </span>
     <span class='ocr_line' id='line_1_35' title="bbox 130 3258 1246 3336; baseline -0.003 -16"><span class='ocrx_word' id='word_1_291' title='bbox 130 3262 198 3320; x_wconf 88' lang='lat' dir='ltr'><strong>nisi</strong></span> <span class='ocrx_word' id='word_1_292' title='bbox 224 3258 278 3320; x_wconf 84' lang='lat' dir='ltr'><strong>ubi</strong></span> <span class='ocrx_word' id='word_1_293' title='bbox 304 3260 459 3317; x_wconf 85' lang='lat' dir='ltr'><strong>manifesti</strong></span> <span class='ocrx_word' id='word_1_294' title='bbox 486 3278 602 3318; x_wconf 89' lang='lat' dir='ltr'><strong>errores</strong></span> <span class='ocrx_word' id='word_1_295' title='bbox 630 3261 669 3318; x_wconf 89' lang='lat' dir='ltr'><strong>ab</strong></span> <span class='ocrx_word' id='word_1_296' title='bbox 695 3279 733 3318; x_wconf 90' lang='lat' dir='ltr'><strong>eo</strong></span> <span class='ocrx_word' id='word_1_297' title='bbox 760 3261 898 3318; x_wconf 84' lang='lat' dir='ltr'><strong>reoetlers</strong></span> <span class='ocrx_word' id='word_1_298' title='bbox 919 3269 1097 3336; x_wconf 82' lang='lat' dir='ltr'><strong>uuegernut:</strong></span> <span class='ocrx_word' id='word_1_299' title='bbox 1128 3268 1246 3317; x_wconf 79' lang='lat' dir='ltr'><strong>nectere</strong></span> 
     </span>
     <span class='ocr_line' id='line_1_36' title="bbox 131 3343 1248 3428; baseline -0.004 -22"><span class='ocrx_word' id='word_1_300' title='bbox 131 3365 216 3428; x_wconf 85' lang='lat' dir='ltr'><strong>quae</strong></span> <span class='ocrx_word' id='word_1_301' title='bbox 237 3343 355 3425; x_wconf 91' lang='lat' dir='ltr'><strong>aliquid</strong></span> <span class='ocrx_word' id='word_1_302' title='bbox 374 3347 521 3402; x_wconf 86' lang='lat' dir='ltr'><strong>momenti</strong></span> <span class='ocrx_word' id='word_1_303' title='bbox 540 3343 652 3404; x_wconf 86' lang='lat' dir='ltr'><strong>babere</strong></span> <span class='ocrx_word' id='word_1_304' title='bbox 669 3343 864 3420; x_wconf 79' lang='lat' dir='ltr'><strong>ridebantur,</strong></span> <span class='ocrx_word' id='word_1_305' title='bbox 885 3363 945 3404; x_wconf 88' lang='lat' dir='ltr'><strong>neu</strong></span> <span class='ocrx_word' id='word_1_306' title='bbox 961 3355 1063 3402; x_wconf 88' lang='lat' dir='ltr'><strong>tamen</strong></span> <span class='ocrx_word' id='word_1_307' title='bbox 1083 3343 1248 3422; x_wconf 87' lang='lat' dir='ltr'><strong>apparebat</strong></span> 
     </span>
     <span class='ocr_line' id='line_1_37' title="bbox 131 3428 1289 3513; baseline -0.002 -24"><span class='ocrx_word' id='word_1_308' title='bbox 131 3431 211 3513; x_wconf 91' lang='lat' dir='ltr'><strong>quid</strong></span> <span class='ocrx_word' id='word_1_309' title='bbox 234 3431 283 3488; x_wconf 85' lang='lat' dir='ltr'><strong>eui</strong></span> <span class='ocrx_word' id='word_1_310' title='bbox 301 3428 534 3509; x_wconf 84' lang='lat' dir='ltr'><strong>praeferendum</strong></span> <span class='ocrx_word' id='word_1_311' title='bbox 551 3441 646 3506; x_wconf 86' lang='lat' dir='ltr'><strong>esset,</strong></span> <span class='ocrx_word' id='word_1_312' title='bbox 666 3431 798 3490; x_wconf 75' lang='lat' dir='ltr'><strong>breviter</strong></span> <span class='ocrx_word' id='word_1_313' title='bbox 811 3431 967 3505; x_wconf 85' lang='lat' dir='ltr'><strong>annotavi,</strong></span> <span class='ocrx_word' id='word_1_314' title='bbox 990 3441 1024 3488; x_wconf 90' lang='lat' dir='ltr'><strong>ut</strong></span> <span class='ocrx_word' id='word_1_315' title='bbox 1038 3429 1142 3489; x_wconf 82' lang='lat' dir='ltr'><strong>lecturi</strong></span> <span class='ocrx_word' id='word_1_316' title='bbox 1155 3447 1246 3488; x_wconf 89' lang='lat' dir='ltr'><strong>sunm</strong></span> <span class='ocrx_word' id='word_1_317' title='bbox 1286 3490 1289 3500; x_wconf 93' lang='lat'><em>.</em></span> 
     </span>
     <span class='ocr_line' id='line_1_38' title="bbox 131 3513 1247 3596; baseline -0.004 -20"><span class='ocrx_word' id='word_1_318' title='bbox 131 3515 284 3576; x_wconf 87' lang='lat' dir='ltr'><strong>indieium</strong></span> <span class='ocrx_word' id='word_1_319' title='bbox 310 3518 343 3572; x_wconf 86' lang='lat' dir='ltr'><strong>in</strong></span> <span class='ocrx_word' id='word_1_320' title='bbox 369 3513 500 3593; x_wconf 84' lang='lat' dir='ltr'><strong>legendo</strong></span> <span class='ocrx_word' id='word_1_321' title='bbox 523 3533 619 3595; x_wconf 82' lang='lat' dir='ltr'><strong>aeque</strong></span> <span class='ocrx_word' id='word_1_322' title='bbox 640 3527 720 3575; x_wconf 86' lang='lat' dir='ltr'><strong>esset</strong></span> <span class='ocrx_word' id='word_1_323' title='bbox 740 3519 891 3596; x_wconf 84' lang='lat' dir='ltr'><strong>integrum</strong></span> <span class='ocrx_word' id='word_1_324' title='bbox 912 3527 946 3576; x_wconf 92' lang='lat' dir='ltr'><strong>ut</strong></span> <span class='ocrx_word' id='word_1_325' title='bbox 965 3514 1043 3576; x_wconf 76' lang='lat' dir='ltr'><strong>nubi</strong></span> <span class='ocrx_word' id='word_1_326' title='bbox 1064 3517 1097 3574; x_wconf 89' lang='lat' dir='ltr'><strong>in</strong></span> <span class='ocrx_word' id='word_1_327' title='bbox 1118 3534 1247 3575; x_wconf 83' lang='lat' dir='ltr'><strong>eonver-</strong></span> 
     </span>
     <span class='ocr_line' id='line_1_39' title="bbox 130 3599 1246 3682; baseline -0.004 -21"><span class='ocrx_word' id='word_1_328' title='bbox 130 3601 229 3664; x_wconf 84' lang='lat' dir='ltr'><strong>tendu</strong></span> <span class='ocrx_word' id='word_1_329' title='bbox 250 3619 363 3663; x_wconf 85' lang='lat' dir='ltr'><strong>meum.</strong></span> <span class='ocrx_word' id='word_1_330' title='bbox 405 3603 439 3657; x_wconf 90' lang='lat' dir='ltr'><strong>in</strong></span> <span class='ocrx_word' id='word_1_331' title='bbox 459 3599 519 3661; x_wconf 88' lang='lat' dir='ltr'><strong>huo</strong></span> <span class='ocrx_word' id='word_1_332' title='bbox 540 3603 740 3682; x_wconf 47' lang='lat' dir='ltr'><strong>primo&#39;tome</strong></span> <span class='ocrx_word' id='word_1_333' title='bbox 762 3601 822 3661; x_wconf 92' lang='lat' dir='ltr'><strong>duo</strong></span> <span class='ocrx_word' id='word_1_334' title='bbox 842 3613 961 3668; x_wconf 84' lang='lat' dir='ltr'><strong>tantum</strong></span> <span class='ocrx_word' id='word_1_335' title='bbox 983 3601 1116 3674; x_wconf 81' lang='lat' dir='ltr'><strong>codices,</strong></span> <span class='ocrx_word' id='word_1_336' title='bbox 1141 3600 1246 3678; x_wconf 78' lang='lat' dir='ltr'><strong>cpoli-</strong></span> 
     </span>
     <span class='ocr_line' id='line_1_40' title="bbox 129 3681 1245 3767; baseline -0.003 -20"><span class='ocrx_word' id='word_1_337' title='bbox 129 3700 226 3747; x_wconf 84' lang='lat' dir='ltr'><strong>tanus</strong></span> <span class='ocrx_word' id='word_1_338' title='bbox 246 3695 277 3744; x_wconf 88' lang='lat' dir='ltr'><strong>et</strong></span> <span class='ocrx_word' id='word_1_339' title='bbox 294 3688 489 3763; x_wconf 85' lang='lat' dir='ltr'><strong>Viennensis,</strong></span> <span class='ocrx_word' id='word_1_340' title='bbox 510 3689 580 3746; x_wconf 87' lang='lat' dir='ltr'><strong>usui</strong></span> <span class='ocrx_word' id='word_1_341' title='bbox 595 3685 675 3746; x_wconf 89' lang='lat' dir='ltr'><strong>mihi</strong></span> <span class='ocrx_word' id='word_1_342' title='bbox 691 3688 831 3747; x_wconf 87' lang='lat' dir='ltr'><strong>fuerunt:</strong></span> <span class='ocrx_word' id='word_1_343' title='bbox 855 3707 927 3747; x_wconf 90' lang='lat' dir='ltr'><strong>nam</strong></span> <span class='ocrx_word' id='word_1_344' title='bbox 944 3686 1053 3767; x_wconf 89' lang='lat' dir='ltr'><strong>reliqul</strong></span> <span class='ocrx_word' id='word_1_345' title='bbox 1070 3695 1129 3744; x_wconf 85' lang='lat' dir='ltr'><strong>tres</strong></span> <span class='ocrx_word' id='word_1_346' title='bbox 1145 3681 1245 3744; x_wconf 87' lang='lat' dir='ltr'><strong>histu-</strong></span> 
     </span>
     <span class='ocr_line' id='line_1_41' title="bbox 128 3769 1106 3834; baseline -0.002 0"><span class='ocrx_word' id='word_1_347' title='bbox 128 3776 212 3834; x_wconf 87' lang='lat' dir='ltr'><strong>riam</strong></span> <span class='ocrx_word' id='word_1_348' title='bbox 231 3770 387 3830; x_wconf 84' lang='lat' dir='ltr'><strong>Iudaieem</strong></span> <span class='ocrx_word' id='word_1_349' title='bbox 407 3793 470 3832; x_wconf 92' lang='lat' dir='ltr'><strong>non</strong></span> <span class='ocrx_word' id='word_1_350' title='bbox 492 3769 654 3834; x_wconf 81' lang='lat' dir='ltr'><strong>habebant.</strong></span> <span class='ocrx_word' id='word_1_351' title='bbox 695 3773 864 3834; x_wconf 79' lang='lat' dir='ltr'><strong>Wonrwe.</strong></span> <span class='ocrx_word' id='word_1_352' title='bbox 1104 3827 1106 3832; x_wconf 92' lang='lat'><em>.</em></span> 
     </span>
    </p>

    <p class='ocr_par' dir='ltr' id='par_1_3' title="bbox 129 3853 1245 4371">
     <span class='ocr_line' id='line_1_42' title="bbox 221 3853 1245 3937; baseline -0.001 -23"><span class='ocrx_word' id='word_1_353' title='bbox 221 3859 312 3916; x_wconf 86' lang='lat' dir='ltr'><strong>initio</strong></span> <span class='ocrx_word' id='word_1_354' title='bbox 338 3857 450 3918; x_wconf 86' lang='lat' dir='ltr'><strong>uodiois</strong></span> <span class='ocrx_word' id='word_1_355' title='bbox 477 3861 656 3918; x_wconf 86' lang='lat' dir='ltr'><strong>Parisiensis</strong></span> <span class='ocrx_word' id='word_1_356' title='bbox 682 3861 771 3937; x_wconf 82' lang='lat' dir='ltr'><strong>Regii</strong></span> <span class='ocrx_word' id='word_1_357' title='bbox 800 3858 882 3922; x_wconf 82' lang='lat'>1715</span> <span class='ocrx_word' id='word_1_358' title='bbox 912 3853 980 3936; x_wconf 84' lang='lat' dir='ltr'><strong>(A)</strong></span> <span class='ocrx_word' id='word_1_359' title='bbox 1009 3855 1047 3914; x_wconf 84' lang='lat' dir='ltr'><strong>ab</strong></span> <span class='ocrx_word' id='word_1_360' title='bbox 1070 3855 1129 3914; x_wconf 89' lang='lat' dir='ltr'><strong>alia</strong></span> <span class='ocrx_word' id='word_1_361' title='bbox 1150 3873 1245 3913; x_wconf 89' lang='lat' dir='ltr'><strong>manu</strong></span> 
     </span>
     <span class='ocr_line' id='line_1_43' title="bbox 129 3935 1245 4023; baseline -0.001 -20"><span class='ocrx_word' id='word_1_362' title='bbox 129 3944 326 4022; x_wconf 82' lang='lat' dir='ltr'><strong>negligenter</strong></span> <span class='ocrx_word' id='word_1_363' title='bbox 360 3945 470 4022; x_wconf 78' lang='lat' dir='ltr'><strong>scripta</strong></span> <span class='ocrx_word' id='word_1_364' title='bbox 503 3945 648 4023; x_wconf 82' lang='lat' dir='ltr'><strong>leguntur</strong></span> <span class='ocrx_word' id='word_1_365' title='bbox 679 3943 767 4004; x_wconf 82' lang='lat' dir='ltr'><strong>bueo.</strong></span> <span class='ocrx_word' id='word_1_366' title='bbox 807 3941 860 4014; x_wconf 80' lang='grc' dir='ltr'><strong>Ὡς</strong></span> <span class='ocrx_word' id='word_1_367' title='bbox 891 3937 962 4020; x_wconf 80' lang='grc' dir='ltr'><strong><em>μέν,</em></strong></span> <span class='ocrx_word' id='word_1_368' title='bbox 995 3939 1078 4022; x_wconf 71' lang='grc' dir='ltr'><strong><em>εἴπερ</em></strong></span> <span class='ocrx_word' id='word_1_369' title='bbox 1110 3963 1155 4013; x_wconf 84' lang='grc' dir='ltr'><strong>τις</strong></span> <span class='ocrx_word' id='word_1_370' title='bbox 1185 3935 1245 4002; x_wconf 73' lang='lat' dir='ltr'><strong>ode</strong></span> 
     </span>
     <span class='ocr_line' id='line_1_44' title="bbox 130 4019 1243 4112; baseline -0.004 -20"><span class='ocrx_word' id='word_1_371' title='bbox 130 4025 277 4112; x_wconf 74' lang='grc' dir='ltr'><strong><em>α’κριβείηι</em></strong></span> <span class='ocrx_word' id='word_1_372' title='bbox 304 4033 463 4106; x_wconf 76' lang='grc' dir='ltr'><strong><em>σκοποῖτο,</em></strong></span> <span class='ocrx_word' id='word_1_373' title='bbox 493 4031 701 4093; x_wconf 74' lang='grc' dir='ltr'><strong>διδασκαλεῖον</strong></span> <span class='ocrx_word' id='word_1_374' title='bbox 720 4025 908 4105; x_wconf 69' lang='grc' dir='ltr'><strong><em>καθέστηκεν</em></strong></span> <span class='ocrx_word' id='word_1_375' title='bbox 929 4019 1039 4106; x_wconf 58' lang='lat' dir='ltr'><strong>dorric</strong></span> <span class='ocrx_word' id='word_1_376' title='bbox 1058 4023 1082 4106; x_wconf 71' lang='grc' dir='ltr'><em>ἦ</em></span> <span class='ocrx_word' id='word_1_377' title='bbox 1101 4029 1243 4106; x_wconf 74' lang='grc' dir='ltr'><strong><em>παροῦσα</em></strong></span> 
     </span>
     <span class='ocr_line' id='line_1_45' title="bbox 131 4105 1244 4197; baseline -0.003 -21"><span class='ocrx_word' id='word_1_378' title='bbox 131 4116 258 4197; x_wconf 72' lang='grc' dir='ltr'><strong><em>βίβλος,</em></strong></span> <span class='ocrx_word' id='word_1_379' title='bbox 290 4107 426 4176; x_wconf 81' lang='grc' dir='ltr'><strong><em>ου’τόθεν</em></strong></span> <span class='ocrx_word' id='word_1_380' title='bbox 457 4113 508 4175; x_wconf 76' lang='lat' dir='ltr'><strong>xul</strong></span> <span class='ocrx_word' id='word_1_381' title='bbox 539 4107 596 4178; x_wconf 67' lang='grc' dir='ltr'><strong>ἀπ’</strong></span> <span class='ocrx_word' id='word_1_382' title='bbox 628 4109 732 4176; x_wconf 75' lang='grc' dir='ltr'><strong><em>ωδττδν</em></strong></span> <span class='ocrx_word' id='word_1_383' title='bbox 760 4113 822 4176; x_wconf 79' lang='grc' dir='ltr'><strong><em>ἐστι</em></strong></span> <span class='ocrx_word' id='word_1_384' title='bbox 848 4105 999 4192; x_wconf 76' lang='grc' dir='ltr'><strong><em>πρᾶδηλον</em></strong></span> <span class='ocrx_word' id='word_1_385' title='bbox 1027 4115 1090 4173; x_wconf 73' lang='grc' dir='ltr'><strong><em>τοῖν</em></strong></span> <span class='ocrx_word' id='word_1_386' title='bbox 1117 4110 1244 4192; x_wconf 74' lang='grc' dir='ltr'><strong><em>ἐμφερο-</em></strong></span> 
     </span>
     <span class='ocr_line' id='line_1_46' title="bbox 131 4191 1244 4282; baseline -0.002 -21"><span class='ocrx_word' id='word_1_387' title='bbox 131 4199 239 4280; x_wconf 71' lang='grc' dir='ltr'><strong><em>μένων</em></strong></span> <span class='ocrx_word' id='word_1_388' title='bbox 266 4191 360 4282; x_wconf 77' lang='grc' dir='ltr'><strong><em>ταδτη</em></strong></span> <span class='ocrx_word' id='word_1_389' title='bbox 389 4193 602 4279; x_wconf 78' lang='grc' dir='ltr'><strong><em>διηγημάτων·</em></strong></span> <span class='ocrx_word' id='word_1_390' title='bbox 636 4197 658 4262; x_wconf 71' lang='grc' dir='ltr'><em>ὃ</em></span> <span class='ocrx_word' id='word_1_391' title='bbox 681 4197 740 4280; x_wconf 73' lang='lat' dir='ltr'><strong>ydp&#39;</strong></span> <span class='ocrx_word' id='word_1_392' title='bbox 768 4198 933 4279; x_wconf 70' lang='grc' dir='ltr'><strong><em>φιλοτίμως</em></strong></span> <span class='ocrx_word' id='word_1_393' title='bbox 960 4195 1097 4272; x_wconf 76' lang='grc' dir='ltr'><strong><em>διέξεισι,</em></strong></span> <span class='ocrx_word' id='word_1_394' title='bbox 1123 4199 1186 4258; x_wconf 79' lang='grc' dir='ltr'><strong><em>τοῖν</em></strong></span> <span class='ocrx_word' id='word_1_395' title='bbox 1210 4195 1244 4260; x_wconf 75' lang='grc' dir='ltr'><strong>ἐν</strong></span> 
     </span>
     <span class='ocr_line' id='line_1_47' title="bbox 131 4277 1245 4371; baseline -0.004 -23"><span class='ocrx_word' id='word_1_396' title='bbox 131 4288 198 4371; x_wconf 71' lang='grc' dir='ltr'><strong><em>βίον</em></strong></span> <span class='ocrx_word' id='word_1_397' title='bbox 230 4289 325 4347; x_wconf 81' lang='grc' dir='ltr'><strong><em>τοῦτο</em></strong></span> <span class='ocrx_word' id='word_1_398' title='bbox 357 4279 541 4368; x_wconf 78' lang='grc' dir='ltr'><strong><em>πραγμάτων</em></strong></span> <span class='ocrx_word' id='word_1_399' title='bbox 570 4279 712 4366; x_wconf 64' lang='grc' dir='ltr'><strong><em>ἀψευδὴς</em></strong></span> <span class='ocrx_word' id='word_1_400' title='bbox 737 4283 862 4348; x_wconf 75' lang='grc' dir='ltr'><strong><em>ποιδείο</em></strong></span> <span class='ocrx_word' id='word_1_401' title='bbox 887 4281 941 4348; x_wconf 78' lang='lat' dir='ltr'><strong>aul</strong></span> <span class='ocrx_word' id='word_1_402' title='bbox 968 4279 1079 4368; x_wconf 82' lang='grc' dir='ltr'><strong><em>δδηγδς</em></strong></span> <span class='ocrx_word' id='word_1_403' title='bbox 1105 4278 1180 4366; x_wconf 79' lang='grc' dir='ltr'><strong>πρὸς</strong></span> <span class='ocrx_word' id='word_1_404' title='bbox 1207 4277 1245 4344; x_wconf 82' lang='lat' dir='ltr'><strong>rol</strong></span> 
     </span>
    </p>
   </div>
   <div class='ocr_carea' id='block_1_3' title="bbox 0 0 1480 4800">
    <p class='ocr_par' dir='ltr' id='par_1_4' title="bbox 0 0 1480 4800">
     <span class='ocr_line' id='line_1_48' title="bbox 0 0 1480 4800; baseline 0 3"><span class='ocrx_word' id='word_1_405' title='bbox 0 0 1480 4800; x_wconf 95' lang='lat' dir='ltr'><strong> </strong></span> 
     </span>
    </p>
   </div>
  </div>
 </body>
</html>
