2950 4800
198 259 262 314 rur
651 232 856 308 auctuott

200 423 400 500 commendat
420 421 577 515 scriptoris
598 421 751 507 eruditio,
775 444 857 510 ques
876 445 943 490 non
963 443 1007 490 ex
1024 420 1066 490 iis
1081 421 1182 492 ruotlo
1200 424 1305 512 colligi

200 544 321 626 potest,
353 529 410 597 sati
433 531 529 596 stiam
551 529 683 593 axeliis
703 548 798 614 quarn
818 527 960 615 plurimis
979 529 1142 616 operibus,
1173 550 1305 617 quorum

201 637 339 704 indicem
358 634 466 698 huicce
485 630 670 722 prselationi
687 631 886 712 rubiioimus3
909 631 944 694 in
963 633 1074 718 quibus
1088 654 1189 720 nsque
1201 655 1306 700 rerum

202 741 412 823 cognitionem
430 756 531 822 nequa
550 755 619 800 ecre
636 735 688 800 rel
707 731 843 799 auidum
861 731 1011 798 iudicium
1029 747 1064 799 ut
1081 759 1139 802 nec
1158 736 1309 824 pietatem

203 845 360 932 quispiam
381 838 547 930 desiderat.
597 837 672 924 quin
691 836 789 900 etism
801 837 830 902 si
843 837 993 901 natalium
1006 838 1156 926 splendor
1168 841 1308 926 gestique

203 948 239 1014 iu
265 949 485 1034 imperatorum
511 939 633 1028 palatiis
658 941 855 1023 magistratus
882 931 1146 1010 existimau'omm
1172 943 1310 1030 aliquam

205 1050 348 1137 scriptori
358 1040 530 1140 :conciliare
549 1053 696 1131 possunt,
720 1041 805 1130 quoti
823 1063 917 1108 nemo
933 1047 1013 1109 iorte
1025 1044 1060 1108 in
1073 1044 1203 1110 dubium
1215 1067 1311 1113 revo-

106 1207 115 1216 .
206 1153 340 1234 caverit,
364 1148 472 1214 ‹leillo
486 1147 649 1236 praecipue
662 1146 716 1232 qui
730 1144 875 1212 derebus
889 1148 1040 1235 politicis,
1065 1149 1100 1212 in
1113 1149 1224 1236 quibus
1237 1171 1312 1215 rar-
1456 1186 1457 1213 t

207 1269 293 1322 sutus
311 1264 377 1336 est,
402 1252 534 1318 scribere
551 1248 741 1333 aggreditur,
766 1271 807 1315 oo
821 1271 898 1316 sane
910 1252 1057 1317 celebrari
1069 1252 1183 1340 poterit
1196 1264 1228 1317 et
1242 1252 1313 1340 ipse
1457 1296 1458 1321 t

208 1360 360 1426 Zonarm.
410 1373 503 1442 quarn
518 1353 714 1439 caeteroquin
728 1353 769 1416 ab
782 1353 839 1417 illo
852 1353 993 1436 Ζοιιιιι,
1019 1355 1074 1440 qui
1087 1357 1145 1420 sul)
1158 1353 1314 1420 Constan-

208 1464 276 1527 tino
302 1455 569 1546 Porphyroganito
596 1456 712 1521 Leonis
737 1454 895 1543 Sapientis
917 1457 985 1521 tttto
1008 1457 1044 1520 iu
1070 1461 1141 1522 auls
1164 1449 1314 1542 vixit1),

209 1583 307 1648 gauus
329 1559 457 1624 duxissa
478 1556 590 1622 suadet
608 1557 737 1624 omniuo
757 1560 895 1624 nominis
914 1558 1096 1626 similitudo.
1145 1563 1261 1650 quippo
1280 1562 1315 1626 in

209 1665 338 1734 loannis
357 1673 389 1726 et
406 1661 562 1728 Manuelis
581 1659 749 1741 comunt,
775 1662 886 1746 qmbus
899 1661 1123 1749 imperantibus
1136 1663 1232 1744 vixit,
1258 1685 1319 1752 pa-

211 1769 305 1846 latio,
337 1765 445 1847 magui
472 1765 648 1846 uigiliarum
675 1761 833 1844 munatii
856 1785 929 1844 sau,
961 1776 997 1828 ut
1015 1765 1119 1830 Latini
1138 1767 1319 1848 efferam

212 1871 344 1952 vigilum
368 1868 516 1957 praelecti
539 1887 576 1931 aa
597 1867 690 1956 primi
709 1885 730 1930 e
752 1866 879 1932 oeneus
899 1879 1006 1948 gestas
1026 1866 1209 1950 dignitates,
1240 1871 1321 1936 inter

90 2035 94 2046 ,
212 1974 395 2040 illustriores
407 1971 683 2060 semperhabitea,
704 1970 928 2052 maguoiuissa
941 1969 1025 2059 apud
1037 1972 1320 2058 impmstorasloco

215 2076 293 2142 satis
306 2079 446 2158 nrguunt‘.
490 2085 582 2160 atque
594 2095 636 2140 ex
650 2095 705 2152 eo,
720 2073 867 2154 nifsllor,
881 2072 1077 2140 sTlreotloro
1084 2067 1321 2162 Betsemonel)

216 2193 249 2245 et
261 2199 281 2244 a
294 2179 454 2246 Matthaeo
467 2167 652 2261 Blastsre⁸)
665 2171 826 2263 ὑπερφυής
835 2175 995 2259 indigitori
1005 2179 1101 2260 solat,
1122 2178 1208 2265 quod
1217 2190 1323 2245 essent

133 2291 142 2312 l
216 2281 297 2348 inter
309 2280 480 2348 senatorias
491 2279 691 2368 praecipuae,
706 2298 777 2343 oum
787 2281 883 2344 ltocce
890 2282 1031 2368 epitheto
1040 2293 1182 2346 ssnsmm
1190 2303 1226 2345 ac
1235 2283 1323 2370 ipsos

219 2398 379 2453 senatores
399 2382 509 2450 donari
530 2383 641 2449 solitos
657 2393 794 2465 constet,
815 2383 863 2450 uti
875 2386 950 2449 alibi
963 2376 1236 2469 otrenamur⁴):
1260 2406 1323 2471 quo
1467 2427 1468 2432 κ

221 2489 349 2578 quidem
361 2500 393 2554 et
405 2489 552 2554 nobilitas
565 2486 688 2569 generis
696 2498 728 2551 et
736 2487 971 2568 magistratuum
980 2485 1126 2576 splendor
1132 2488 1325 2577 exprimitur,

222 2616 310 2673 oum,
341 2604 375 2655 ut
394 2591 439 2656 ait
458 2590 625 2673 Gregorius
645 2590 862 2655 Nazianzenus
876 2582 933 2675 ⁶),
961 2590 1103 2679 μέγιστον
1120 2594 1164 2671 ete
1180 2590 1327 2678 εὐγενείας

221 2693 376 2771 ἀπόδειξιν
391 2691 560 2779 οιιγκλήτου
576 2694 722 2775 μετουσία
737 2694 898 2758 Ιιιδοιιωτ.

219 2822 223 2829 ·
325 2796 446 2861 Verum
459 2794 608 2861 abdicatis
622 2808 731 2884 postea
744 2797 889 2883 palatinis
902 2796 998 2876 curis,
1022 2818 1085 2883 quo
1098 2796 1161 2861 sibi
1172 2797 1206 2859 iu
1217 2794 1329 2883 primis

224 2909 349 2969 uacaret
362 2900 544 2985 animaeque
559 2900 650 2963 saluti
664 2900 852 2979 consuleret,
870 2900 1059 2963 monachum
1071 2897 1189 2978 intluit,
1206 2900 1331 2963 relicts·

226 3027 287 3091 que
301 3004 374 3068 urba
388 3002 512 3091 imperii
525 3001 671 3090 primaria
684 3002 717 3065 in
728 3001 863 3066 matum
871 3000 1069 3065 remotiorem
1079 3002 1223 3066 secessitr
1245 2998 1331 3089 quotl

226 3108 360 3195 ipsemet
382 3106 416 3171 iu
437 3106 631 3194 praelatione
650 3103 690 3169 ιι]
708 3104 843 3169 Annales
861 3115 1005 3167 testeturr
1030 3125 1092 3189 quo
1112 3107 1182 3169 loco
1195 3106 1230 3168 in
1241 3106 1284 3170 iis
1295 3116 1331 3169 ut

226 3230 284 3301 por
296 3220 361 3275 erut
372 3207 600 3275 conscribendis
612 3209 761 3273 librorum
774 3206 928 3273 deiectum
940 3219 1098 3288 causetur,
1114 3206 1208 3285 αὐτὸς
1219 3204 1333 3296 ὑπερό-

228 3336 295 3399 ριος
316 3310 360 3377 uia
382 3314 434 3379 sol
456 3308 561 3399 πόρρω
582 3316 640 3377 τοῦ
661 3308 776 3388 ἄστεως
797 3310 830 3375 iv
849 3312 951 3394 νησῖδι
965 3308 1205 3393 ἐνδιαιτώμενος.
1255 3333 1333 3399 quse

227 3437 305 3482 vcro
327 3416 418 3479 luerit
439 3415 571 3479 insulula
590 3414 651 3478 ists
671 3424 759 3477 tauto
783 3414 823 3476 sb
843 3417 918 3478 urba
937 3415 1040 3502 spatio
1061 3414 1236 3503 dispmata,
1268 3437 1334 3479 non

230 3530 408 3606 promptum
434 3529 484 3582 est
506 3517 645 3602 ssssqnis
683 3513 740 3581 setl
766 3519 819 3583 rel
844 3517 919 3583 iurlo
945 3520 1056 3582 saltem
1077 3518 1149 3583 licat
1171 3519 1334 3599 conlisere,

230 3619 338 3687 venire
358 3620 393 3683 in
414 3615 543 3684 dubium
562 3616 644 3706 quod
659 3616 753 3683 tradit
764 3617 904 3685 tom
918 3619 1095 3702 Therotus,
1120 3622 1250 3710 scriptor
1262 3642 1336 3685 σιο-

230 3723 373 3810 toroquiu
393 3722 428 3787 iu
447 3724 517 3788 aliis
537 3719 623 3791 haud
641 3734 742 3789 certos
760 3721 853 3807 fidei,
880 3744 937 3789 sus
955 3736 1058 3792 estate
1068 3724 1175 3793 risum
1186 3724 1289 3791 edituo
1300 3724 1335 3789 iu

301 3984 341 4126 tt
682 3985 926 4066 uoco

304 4124 344 4263 {l
377 4126 614 4251 ppuGssuoppppl:
668 4196 730 4251 ecit..

303 4264 343 4333 lt)
377 4262 458 4321 Orat„
475 4264 509 4321 18
525 4264 554 4321 iu
571 4264 603 4322 8.
646 4264 751 4339 ypriau.
