2950 4800
550 265 798 336 PRAEFATIO.
1172 296 1233 344 aar

117 475 191 522 esse
205 467 238 520 et
250 456 323 524 volo
335 465 368 520 et
378 457 476 524 volui.
528 457 643 523 vellem
656 456 803 544 equidem
813 454 848 521 id
860 479 927 523 cum
937 456 1030 523 laude
1043 481 1114 524 mes
1125 464 1232 549 potius

117 573 151 624 et
166 561 261 642 gloria
273 558 342 623 fieri
358 560 477 648 (neque
489 561 574 647 enim
585 581 726 626 amorem
737 561 837 625 nostri
848 563 968 651 abipsa
981 574 1089 628 natura
1101 565 1234 630 insitum

4 659 6 734 l
116 665 210 752 plane
223 663 430 748 abiecimus),
446 664 501 730 sed
516 665 545 730 si
556 665 630 730 latis
644 667 733 730 aliter
743 667 849 732 visum
859 678 924 748 est,
938 667 1130 755 boeqnoqne
1139 671 1232 755 aequi

4 765 6 820 ἒ
116 769 251 854 bonique
265 765 445 832 faciendum
458 770 526 834 erit.

217 872 320 958 Atque
338 873 415 936 haec
433 871 474 936 de
492 885 616 939 auctore
630 886 662 937 et
675 873 850 955 argumenti
861 893 975 955 genere
989 885 1021 938 et
1034 895 1128 962 opere
1142 895 1233 940 mear

115 996 197 1038 nune
211 974 252 1039 ad
265 995 337 1040 eam
345 979 549 1064 praefationis
562 988 683 1065 partem
696 975 904 1041 accedendum
917 990 981 1057 est,
994 979 1029 1041 in
1041 998 1101 1064 qua
1114 979 1232 1065 alioqui

114 1081 249 1142 multum
271 1079 384 1144 sudare
405 1083 532 1162 solitus,
562 1080 646 1166 quod
670 1083 801 1146 verebar
821 1101 863 1144 ne
881 1083 934 1148 vel
954 1083 989 1144 in
1009 1082 1232 1146 assentationis

4 1247 6 1252 ,
115 1185 326 1270 suspicionem
349 1183 624 1250 commemorando
645 1186 697 1248 vel
716 1185 752 1246 in
774 1185 978 1266 negligentiae
998 1187 1114 1248 crimen
1135 1183 1233 1249 dissi·

114 1285 263 1352 mulendo
286 1289 445 1380 veniremr
471 1309 551 1351 nunc
571 1299 606 1351 ut
626 1288 771 1353 liberiore
785 1288 847 1352 sim
861 1288 983 1367 animo,
1007 1301 1060 1350 tua
1074 1287 1232 1353 modestia

112 1393 166 1457 rel
183 1392 288 1478 potius
308 1389 490 1473 magnitudo
505 1391 604 1454 animi
617 1389 706 1470 facit,
734 1413 793 1476 qua
806 1388 841 1453 id
853 1393 893 1453 ab
906 1392 1033 1454 ineunte
1046 1403 1148 1454 aetate
1161 1413 1232 1456 me·

4 1577 5 1584 ἵ
114 1494 229 1559 dinam
257 1516 330 1559 esse
355 1493 474 1561 rideris
500 1492 585 1582 quod
605 1492 688 1582 apud
711 1493 893 1559 Ciceronem
915 1493 1056 1581 Scipioni
1079 1493 1231 1558 divinitus

5 1621 6 1624 ¹
113 1599 315 1686 praecipitur,
331 1611 367 1662 ut
383 1601 444 1664 alte
460 1611 603 1687 spectans
618 1610 710 1684 atque
725 1596 766 1661 ad
780 1601 947 1663 caelestem
961 1595 1070 1661 sedem
1084 1609 1117 1661 et
1128 1608 1232 1662 aeter·

114 1723 187 1765 nam
201 1702 334 1766 domum
349 1717 518 1784 contuens,
541 1723 641 1786 neque
655 1703 852 1766 sermonibus
865 1701 954 1782 vulgi
968 1698 1092 1765 dederis
1105 1713 1151 1781 ta,
1171 1721 1230 1766 nse

114 1806 146 1868 in
167 1807 317 1894 praemiis
339 1806 486 1870 humanis
505 1826 596 1894 spem
609 1805 752 1892 posueris
765 1825 868 1868 rerum
883 1818 1022 1884 tuarum,
1048 1804 1104 1868 sed
1118 1805 1184 1870 amb
1198 1816 1230 1869 te

114 1910 266 1974 illecebris
288 1910 359 1997 ipsa
380 1911 480 1977 antus
502 1911 631 1975 traxerit
653 1907 694 1971 ad
715 1906 957 1976 verumtaem:
982 1907 1105 1972 utillud
1118 1907 1230 1975 Graeci

116 2025 224 2100 poetae
239 2011 281 2079 de
295 2026 327 2078 te
340 2012 402 2078 dici
414 2015 515 2102 possit

322 2119 357 2194 bd
373 2133 426 2209 γὰρ
445 2139 540 2194 δοκεῖν
556 2135 670 2210 ἄριστος
685 2135 751 2197 attt'
767 2135 842 2198 clarus
857 2104 960 2212 stole,

324 2225 449 2298 βαθεῖαν
465 2221 557 2282 aitrau
573 2223 623 2282 διὰ
642 2229 754 2298 poesela
768 2225 972 2301 καρπούμενος,

321 2305 352 2379 δε
368 2300 403 2382 tls
419 2307 456 2367 rel
472 2309 559 2368 esdad
577 2311 725 2385 βλαστάνει
744 2313 931 2388 βουλεύματα.

115 2429 222 2514 quibus
236 2428 382 2495 versibus
396 2426 429 2491 id
443 2428 632 2517 Amphiarao
648 2450 705 2493 suo
721 2432 827 2494 tribuit
840 2431 1026 2515 Aeschylus,
1046 2440 1081 2490 ut
1094 2429 1229 2493 affirmet

4 2546 5 2551 ’
114 2552 188 2596 eum
198 2533 302 2599 vnum
316 2533 470 2620 optimum
482 2554 553 2597 esse
565 2534 658 2596 malle
671 2554 767 2618 quam
779 2533 897 2614 videri,
920 2536 1006 2595 cuius
1019 2533 1142 2595 animus
1156 2543 1229 2596 tan·

114 2656 210 2721 quam
221 2656 293 2718 eger
303 2635 454 2701 fecundus
468 2650 499 2701 et
510 2639 608 2724 probe
622 2637 783 2716 subactus,
798 2637 955 2724 conceptis
967 2637 1116 2701 rutatum
1130 2636 1229 2698 semi-

114 2740 221 2820 nibus,
246 2742 452 2806 honestorum
473 2740 673 2804 consiliorum
691 2752 723 2803 et
736 2759 818 2827 quae
830 2738 906 2803 inde
920 2741 1059 2805 oriuntur
1071 2739 1229 2802 actionum

113 2844 272 2929 quandam
294 2844 385 2930 quasi
405 2855 543 2927 segetem
561 2846 709 2931 proferat.
760 2865 840 2931 quae
860 2845 888 2910 si
906 2866 962 2932 per
976 2864 1103 2907 omnem
1116 2844 1228 2907 aetatis

114 2958 184 3012 tuae
204 2947 385 3030 decursum,
411 2968 505 3035 quem
518 2948 561 3011 ita
575 2944 756 3012 moderatus
769 2970 804 3014 es
818 2960 853 3012 ut
866 2950 999 3014 bonesta
1013 2948 1139 3028 negotia
1153 2968 1227 3011 sua·

112 3052 246 3117 sissimo
259 3053 325 3117 otio
339 3072 463 3140 semper
474 3054 705 3140 anteposueris,
720 3055 899 3144 singulatim
908 3053 1064 3139 explicare
1073 3048 1227 3131 studeam,

112 3178 192 3244 opus
207 3154 309 3221 Iliade
320 3157 473 3244 prolixius
486 3156 566 3219 mibi
579 3170 738 3237 nascetur,
756 3169 789 3221 et
801 3169 874 3220 tuae
887 3176 978 3220 aures
992 3157 1069 3219 satis
1082 3154 1148 3218 scio
1162 3176 1227 3217 non

111 3264 221 3324 larem.
274 3282 354 3347 quae
366 3262 461 3342 igitur
471 3262 590 3324 cauma
603 3262 655 3325 rel
669 3271 722 3323 tua
734 3263 880 3325 voluntas
893 3263 945 3327 vel
956 3280 1028 3323 mea
1040 3257 1227 3322 verecundia

111 3375 221 3446 negat,
248 3384 287 3427 ea
309 3365 501 3452 posteritatis
520 3364 717 3429 sermonibus
737 3368 791 3430 rel
813 3366 915 3430 invito
936 3376 968 3427 te
986 3364 1229 3427 celebrabuntur.

112 3466 197 3533 idem
210 3468 298 3532 enim
312 3481 360 3531 est
373 3462 489 3550 gloriae
503 3466 587 3554 quod
601 3467 746 3532 crocodili
758 3469 935 3549 ingenium:
961 3477 1126 3553 sequentes
1139 3467 1227 3547 fugit,

111 3572 269 3653 fugientes
289 3574 438 3658 sequitur.
488 3572 568 3635 nibil
590 3570 643 3655 (ut
662 3574 858 3658 eloquentiae
874 3571 1040 3638 Romanae
1052 3590 1165 3657 parens
1179 3582 1229 3634 te-

112 3676 227 3760 statur)
255 3674 296 3741 de
318 3676 493 3757 insignibus
516 3673 555 3738 ed
576 3673 702 3739 laudern
723 3677 801 3741 viris
825 3678 956 3743 obscure
979 3675 1115 3738 nuntiari
1138 3677 1229 3739 solat.

111 3782 215 3844 lamae
228 3801 326 3845 nemo
340 3800 477 3867 unquam
491 3779 645 3867 imperare
659 3781 771 3867 potuit.
821 3802 886 3844 non
899 3780 1016 3867 patitur
1026 3778 1081 3841 illa
1094 3776 1229 3842 Hesiodi

112 3880 174 3945 dee
193 3885 254 3948 sibi
272 3887 379 3947 frenos
393 3884 496 3947 iniiei:
521 3884 656 3969 loquitur
668 3896 699 3947 et
710 3886 839 3966 clamat,
861 3897 896 3948 ut
910 3885 950 3946 ab
963 3882 1033 3971 ipsa
1047 3884 1228 3970 posteritate

111 4007 181 4051 vox
200 3989 266 4052 eiua
287 3986 442 4051 audiatur.
489 3985 679 4075 praedicabit
689 3988 743 4052 illa
755 4007 819 4052 non
834 4000 955 4051 tantum
967 3999 1149 4051 ornamenta
1161 3986 1241 4045 for-¹

109 4102 220 4171 tunae,
242 4093 283 4155 ob
298 4112 378 4176 quae
392 4112 463 4155 cum
474 4093 569 4174 vulgo
582 4093 691 4157 beatus
703 4092 865 4173 habearis,
886 4103 920 4154 tu
932 4113 969 4155 ea
983 4091 1112 4153 umbrae
1123 4086 1229 4175 parie-

109 4206 178 4259 tum
199 4216 379 4283 comparare
402 4178 501 4276 soles',
523 4192 579 4261 sed
602 4207 633 4260 et
652 4198 772 4278 ingenii
785 4194 1031 4277 magnitudinem
1045 4203 1077 4255 et
1089 4188 1228 4279 pruden-

109 4298 189 4363 tiam
204 4311 290 4364 tuam
303 4300 577 4389 periculosissimis
592 4302 785 4390 temporibus
798 4300 831 4365 in
841 4320 875 4363 re
885 4312 916 4363 et
925 4297 1046 4387 publica
1057 4297 1228 4385 etpriaata,
