<?xml version="1.0" encoding="UTF-8"?>
<!DOCTYPE html PUBLIC "-//W3C//DTD XHTML 1.0 Transitional//EN"
    "http://www.w3.org/TR/xhtml1/DTD/xhtml1-transitional.dtd">
<html xmlns="http://www.w3.org/1999/xhtml" xml:lang="en" lang="en">
 <head>
  <title>
</title>
<meta http-equiv="Content-Type" content="text/html;charset=utf-8" />
  <meta name='ocr-system' content='tesseract 3.04.00' />
  <meta name='ocr-capabilities' content='ocr_page ocr_carea ocr_par ocr_line ocrx_word'/>
</head>
<body>
  <div class='ocr_page' id='page_1' title='image "./corpusscriptoru57theogoog/corpusscriptoru57theogoog_0025.png"; bbox 0 0 2950 4800; ppageno 0'>
   <div class='ocr_carea' id='block_1_1' title="bbox 530 229 1212 297">
    <p class='ocr_par' dir='ltr' id='par_1_1' title="bbox 530 229 1212 297">
     <span class='ocr_line' id='line_1_1' title="bbox 530 229 1212 297; baseline 0 -1"><span class='ocrx_word' id='word_1_1' title='bbox 530 229 778 297; x_wconf 75' lang='lat' dir='ltr'><strong>PRAEFATIO.</strong></span> <span class='ocrx_word' id='word_1_2' title='bbox 1149 249 1212 296; x_wconf 79' lang='lat' dir='ltr'>m</span> 
     </span>
    </p>
   </div>
   <div class='ocr_carea' id='block_1_2' title="bbox 5 407 1243 4015">
    <p class='ocr_par' dir='ltr' id='par_1_2' title="bbox 97 407 1212 914">
     <span class='ocr_line' id='line_1_2' title="bbox 99 407 1212 500; baseline 0.004 -22"><span class='ocrx_word' id='word_1_3' title='bbox 99 414 156 478; x_wconf 89' lang='lat' dir='ltr'>ubi</span> <span class='ocrx_word' id='word_1_4' title='bbox 182 414 334 500; x_wconf 80' lang='lat' dir='ltr'>palatinus</span> <span class='ocrx_word' id='word_1_5' title='bbox 360 427 414 480; x_wconf 87' lang='lat' dir='ltr'>sut</span> <span class='ocrx_word' id='word_1_6' title='bbox 440 407 663 482; x_wconf 75' lang='lat' dir='ltr'>ecclesiastices</span> <span class='ocrx_word' id='word_1_7' title='bbox 689 414 854 500; x_wconf 73' lang='lat' dir='ltr'>dignitates</span> <span class='ocrx_word' id='word_1_8' title='bbox 874 415 980 481; x_wconf 86' lang='lat' dir='ltr'>miuus</span> <span class='ocrx_word' id='word_1_9' title='bbox 1003 427 1212 482; x_wconf 74' lang='lat' dir='ltr'>consentaneo</span> 
     </span>
     <span class='ocr_line' id='line_1_3' title="bbox 98 515 1212 607; baseline 0.004 -25"><span class='ocrx_word' id='word_1_10' title='bbox 98 515 277 582; x_wconf 77' lang='lat' dir='ltr'>reddidisse</span> <span class='ocrx_word' id='word_1_11' title='bbox 298 517 472 584; x_wconf 77' lang='lat' dir='ltr'>videbatur.</span> <span class='ocrx_word' id='word_1_12' title='bbox 521 521 690 584; x_wconf 71' lang='lat' dir='ltr'>Annalibus</span> <span class='ocrx_word' id='word_1_13' title='bbox 705 519 837 607; x_wconf 75' lang='lat' dir='ltr'>denique</span> <span class='ocrx_word' id='word_1_14' title='bbox 849 521 1073 586; x_wconf 69' lang='lat' dir='ltr'>mutationes</span> <span class='ocrx_word' id='word_1_15' title='bbox 1085 533 1212 586; x_wconf 78' lang='lat' dir='ltr'>nostres</span> 
     </span>
     <span class='ocr_line' id='line_1_4' title="bbox 99 621 1209 710; baseline -0.001 -26"><span class='ocrx_word' id='word_1_16' title='bbox 99 622 304 702; x_wconf 86' lang='lat' dir='ltr'>subiecimus,</span> <span class='ocrx_word' id='word_1_17' title='bbox 328 644 390 686; x_wconf 82' lang='lat' dir='ltr'>uns</span> <span class='ocrx_word' id='word_1_18' title='bbox 411 643 480 686; x_wconf 84' lang='lat' dir='ltr'>cum</span> <span class='ocrx_word' id='word_1_19' title='bbox 493 622 727 710; x_wconf 75' lang='lat' dir='ltr'>Disceptatione</span> <span class='ocrx_word' id='word_1_20' title='bbox 742 622 785 688; x_wconf 82' lang='lat' dir='ltr'>do</span> <span class='ocrx_word' id='word_1_21' title='bbox 796 622 962 688; x_wconf 82' lang='lat' dir='ltr'>Hebdomo</span> <span class='ocrx_word' id='word_1_22' title='bbox 975 636 1008 686; x_wconf 86' lang='lat' dir='ltr'>st</span> <span class='ocrx_word' id='word_1_23' title='bbox 1020 625 1136 709; x_wconf 76' lang='lat' dir='ltr'>aliquot</span> <span class='ocrx_word' id='word_1_24' title='bbox 1149 621 1209 684; x_wconf 86' lang='lat' dir='ltr'>nd-</span> 
     </span>
     <span class='ocr_line' id='line_1_5' title="bbox 99 723 1207 814; baseline 0.006 -28"><span class='ocrx_word' id='word_1_25' title='bbox 99 723 282 788; x_wconf 82' lang='lat' dir='ltr'>ditsmcutis</span> <span class='ocrx_word' id='word_1_26' title='bbox 294 725 335 788; x_wconf 83' lang='lat' dir='ltr'>ed</span> <span class='ocrx_word' id='word_1_27' title='bbox 347 739 485 791; x_wconf 88' lang='lat' dir='ltr'>uostrsm</span> <span class='ocrx_word' id='word_1_28' title='bbox 499 725 620 814; x_wconf 87' lang='lat' dir='ltr'>Gpolim</span> <span class='ocrx_word' id='word_1_29' title='bbox 633 725 860 806; x_wconf 73' lang='lat' dir='ltr'>Christianum,</span> <span class='ocrx_word' id='word_1_30' title='bbox 886 725 1048 813; x_wconf 81' lang='lat' dir='ltr'>dequibus</span> <span class='ocrx_word' id='word_1_31' title='bbox 1060 727 1207 793; x_wconf 84' lang='lat' dir='ltr'>omnibus</span> 
     </span>
     <span class='ocr_line' id='line_1_6' title="bbox 97 827 935 914; baseline 0 -22"><span class='ocrx_word' id='word_1_32' title='bbox 97 827 189 892; x_wconf 86' lang='lat' dir='ltr'>initio</span> <span class='ocrx_word' id='word_1_33' title='bbox 205 829 353 914; x_wconf 83' lang='lat' dir='ltr'>cuiusque</span> <span class='ocrx_word' id='word_1_34' title='bbox 365 830 581 894; x_wconf 71' lang='lat' dir='ltr'>lucubrationis</span> <span class='ocrx_word' id='word_1_35' title='bbox 594 832 742 894; x_wconf 84' lang='lat' dir='ltr'>lectorem</span> <span class='ocrx_word' id='word_1_36' title='bbox 755 849 935 894; x_wconf 78' lang='lat' dir='ltr'>monemus.</span> 
     </span>
    </p>

    <p class='ocr_par' dir='ltr' id='par_1_3' title="bbox 92 929 1243 2463">
     <span class='ocr_line' id='line_1_7' title="bbox 199 929 1215 1019; baseline 0.002 -24"><span class='ocrx_word' id='word_1_37' title='bbox 199 929 304 995; x_wconf 80' lang='lat' dir='ltr'>Breve</span> <span class='ocrx_word' id='word_1_38' title='bbox 329 932 460 1019; x_wconf 82' lang='lat' dir='ltr'>deniquo</span> <span class='ocrx_word' id='word_1_39' title='bbox 483 932 676 1011; x_wconf 71' lang='lat' dir='ltr'>chronicon,</span> <span class='ocrx_word' id='word_1_40' title='bbox 700 934 828 998; x_wconf 83' lang='lat' dir='ltr'>levioris</span> <span class='ocrx_word' id='word_1_41' title='bbox 850 936 931 995; x_wconf 83' lang='lat' dir='ltr'>lorte</span> <span class='ocrx_word' id='word_1_42' title='bbox 953 932 1028 994; x_wconf 87' lang='lat' dir='ltr'>licst</span> <span class='ocrx_word' id='word_1_43' title='bbox 1046 933 1215 1018; x_wconf 62' lang='lat' dir='ltr'>mansum,</span> 
     </span>
     <span class='ocr_line' id='line_1_8' title="bbox 94 1030 1208 1122; baseline 0.001 -24"><span class='ocrx_word' id='word_1_44' title='bbox 94 1030 228 1099; x_wconf 87' lang='lat' dir='ltr'>Iosnuis</span> <span class='ocrx_word' id='word_1_45' title='bbox 254 1035 397 1100; x_wconf 74' lang='lat' dir='ltr'>Zousrm</span> <span class='ocrx_word' id='word_1_46' title='bbox 425 1037 594 1100; x_wconf 74' lang='lat' dir='ltr'>Annalibus</span> <span class='ocrx_word' id='word_1_47' title='bbox 621 1037 818 1116; x_wconf 88' lang='lat' dir='ltr'>subiicimus,</span> <span class='ocrx_word' id='word_1_48' title='bbox 854 1033 940 1122; x_wconf 88' lang='lat' dir='ltr'>quod</span> <span class='ocrx_word' id='word_1_49' title='bbox 963 1046 1142 1122; x_wconf 86' lang='lat' dir='ltr'>temporum</span> <span class='ocrx_word' id='word_1_50' title='bbox 1167 1037 1208 1100; x_wconf 84' lang='lat' dir='ltr'>sb</span> 
     </span>
     <span class='ocr_line' id='line_1_9' title="bbox 94 1137 1211 1226; baseline 0 -24"><span class='ocrx_word' id='word_1_51' title='bbox 94 1137 221 1202; x_wconf 77' lang='lat' dir='ltr'>Adsmo</span> <span class='ocrx_word' id='word_1_52' title='bbox 235 1137 274 1202; x_wconf 84' lang='lat' dir='ltr'>sd</span> <span class='ocrx_word' id='word_1_53' title='bbox 288 1140 431 1203; x_wconf 76' lang='lat' dir='ltr'>lilerium</span> <span class='ocrx_word' id='word_1_54' title='bbox 445 1139 655 1220; x_wconf 75' lang='lat' dir='ltr'>comoedum,</span> <span class='ocrx_word' id='word_1_55' title='bbox 677 1161 756 1226; x_wconf 81' lang='lat' dir='ltr'>quse</span> <span class='ocrx_word' id='word_1_56' title='bbox 770 1141 824 1204; x_wconf 85' lang='lat' dir='ltr'>ills</span> <span class='ocrx_word' id='word_1_57' title='bbox 837 1139 1045 1226; x_wconf 73' lang='lat' dir='ltr'>persequitur,</span> <span class='ocrx_word' id='word_1_58' title='bbox 1066 1157 1211 1202; x_wconf 78' lang='lat' dir='ltr'>summo·</span> 
     </span>
     <span class='ocr_line' id='line_1_10' title="bbox 94 1241 1210 1327; baseline 0 -23"><span class='ocrx_word' id='word_1_59' title='bbox 94 1243 180 1306; x_wconf 80' lang='lat' dir='ltr'>sium</span> <span class='ocrx_word' id='word_1_60' title='bbox 200 1241 358 1327; x_wconf 79' lang='lat' dir='ltr'>quoddam</span> <span class='ocrx_word' id='word_1_61' title='bbox 381 1244 552 1322; x_wconf 84' lang='lat' dir='ltr'>coutiusst,</span> <span class='ocrx_word' id='word_1_62' title='bbox 576 1241 752 1307; x_wconf 88' lang='lat' dir='ltr'>cuiusmodi</span> <span class='ocrx_word' id='word_1_63' title='bbox 772 1244 921 1308; x_wconf 85' lang='lat' dir='ltr'>nonnullo</span> <span class='ocrx_word' id='word_1_64' title='bbox 935 1243 996 1304; x_wconf 76' lang='lat' dir='ltr'>slis</span> <span class='ocrx_word' id='word_1_65' title='bbox 1009 1241 1210 1304; x_wconf 81' lang='lat' dir='ltr'>hubenturin</span> 
     </span>
     <span class='ocr_line' id='line_1_11' title="bbox 95 1344 1208 1432; baseline 0.006 -27"><span class='ocrx_word' id='word_1_66' title='bbox 95 1344 255 1408; x_wconf 80' lang='lat' dir='ltr'>codicibus</span> <span class='ocrx_word' id='word_1_67' title='bbox 282 1347 500 1432; x_wconf 79' lang='lat' dir='ltr'>manuscriptis</span> <span class='ocrx_word' id='word_1_68' title='bbox 528 1346 735 1430; x_wconf 84' lang='lat' dir='ltr'>bibliotbscss</span> <span class='ocrx_word' id='word_1_69' title='bbox 761 1345 898 1426; x_wconf 72' lang='lat' dir='ltr'>Regios,</span> <span class='ocrx_word' id='word_1_70' title='bbox 936 1363 1016 1429; x_wconf 83' lang='lat' dir='ltr'>quse</span> <span class='ocrx_word' id='word_1_71' title='bbox 1041 1355 1147 1408; x_wconf 81' lang='lat' dir='ltr'>tumen</span> <span class='ocrx_word' id='word_1_72' title='bbox 1170 1345 1208 1413; x_wconf 84' lang='lat' dir='ltr'>itt</span> 
     </span>
     <span class='ocr_line' id='line_1_12' title="bbox 94 1443 1208 1533; baseline -0.001 -23"><span class='ocrx_word' id='word_1_73' title='bbox 94 1467 250 1512; x_wconf 82' lang='lat' dir='ltr'>sonorum</span> <span class='ocrx_word' id='word_1_74' title='bbox 271 1448 516 1512; x_wconf 73' lang='lat' dir='ltr'>characterismis</span> <span class='ocrx_word' id='word_1_75' title='bbox 535 1471 601 1512; x_wconf 85' lang='lat' dir='ltr'>non</span> <span class='ocrx_word' id='word_1_76' title='bbox 623 1449 753 1512; x_wconf 88' lang='lat' dir='ltr'>omnino</span> <span class='ocrx_word' id='word_1_77' title='bbox 772 1449 886 1533; x_wconf 85' lang='lat' dir='ltr'>ubique</span> <span class='ocrx_word' id='word_1_78' title='bbox 904 1466 975 1508; x_wconf 84' lang='lat' dir='ltr'>cum</span> <span class='ocrx_word' id='word_1_79' title='bbox 988 1467 1028 1509; x_wconf 87' lang='lat' dir='ltr'>eo</span> <span class='ocrx_word' id='word_1_80' title='bbox 1041 1443 1125 1530; x_wconf 91' lang='lat' dir='ltr'>quod</span> <span class='ocrx_word' id='word_1_81' title='bbox 1138 1444 1208 1509; x_wconf 84' lang='lat' dir='ltr'>sdi-</span> 
     </span>
     <span class='ocr_line' id='line_1_13' title="bbox 93 1529 1207 1637; baseline -0.001 -24"><span class='ocrx_word' id='word_1_82' title='bbox 93 1571 165 1614; x_wconf 92' lang='lat' dir='ltr'>mus</span> <span class='ocrx_word' id='word_1_83' title='bbox 194 1529 401 1631; x_wconf 66' lang='lat' dir='ltr'>conveniuut&#39;,</span> <span class='ocrx_word' id='word_1_84' title='bbox 426 1551 670 1637; x_wconf 83' lang='lat' dir='ltr'>exscriptorum,</span> <span class='ocrx_word' id='word_1_85' title='bbox 697 1563 730 1614; x_wconf 90' lang='grc' dir='ltr'>ιιι</span> <span class='ocrx_word' id='word_1_86' title='bbox 757 1551 921 1629; x_wconf 84' lang='lat' dir='ltr'>existimo,</span> <span class='ocrx_word' id='word_1_87' title='bbox 944 1549 1051 1637; x_wconf 85' lang='lat' dir='ltr'>potios</span> <span class='ocrx_word' id='word_1_88' title='bbox 1078 1549 1207 1628; x_wconf 79' lang='lat' dir='ltr'>incutis,</span> 
     </span>
     <span class='ocr_line' id='line_1_14' title="bbox 93 1651 1243 1740; baseline 0.001 -24"><span class='ocrx_word' id='word_1_89' title='bbox 93 1675 191 1739; x_wconf 80' lang='lat' dir='ltr'>quum</span> <span class='ocrx_word' id='word_1_90' title='bbox 214 1675 322 1718; x_wconf 86' lang='lat' dir='ltr'>eorum</span> <span class='ocrx_word' id='word_1_91' title='bbox 342 1674 361 1716; x_wconf 86' lang='lat' dir='ltr'>s</span> <span class='ocrx_word' id='word_1_92' title='bbox 382 1655 495 1740; x_wconf 85' lang='lat' dir='ltr'>quibus</span> <span class='ocrx_word' id='word_1_93' title='bbox 514 1665 584 1717; x_wconf 91' lang='lat' dir='ltr'>sunt</span> <span class='ocrx_word' id='word_1_94' title='bbox 602 1657 747 1718; x_wconf 75' lang='lat' dir='ltr'>contectn</span> <span class='ocrx_word' id='word_1_95' title='bbox 798 1665 832 1715; x_wconf 92' lang='lat' dir='ltr'>ut</span> <span class='ocrx_word' id='word_1_96' title='bbox 849 1664 955 1716; x_wconf 79' lang='lat' dir='ltr'>tomen</span> <span class='ocrx_word' id='word_1_97' title='bbox 972 1652 1103 1716; x_wconf 84' lang='lat' dir='ltr'>csstcris</span> <span class='ocrx_word' id='word_1_98' title='bbox 1119 1651 1207 1717; x_wconf 91' lang='lat' dir='ltr'>istud</span> <span class='ocrx_word' id='word_1_99' title='bbox 1240 1721 1243 1728; x_wconf 68' lang='grc'><strong>,</strong></span> 
     </span>
     <span class='ocr_line' id='line_1_15' title="bbox 92 1752 1206 1844; baseline 0.002 -26"><span class='ocrx_word' id='word_1_100' title='bbox 92 1760 302 1844; x_wconf 82' lang='lat' dir='ltr'>procles-rem,</span> <span class='ocrx_word' id='word_1_101' title='bbox 330 1758 404 1820; x_wconf 81' lang='lat' dir='ltr'>lecit</span> <span class='ocrx_word' id='word_1_102' title='bbox 429 1757 486 1820; x_wconf 83' lang='lat' dir='ltr'>viri</span> <span class='ocrx_word' id='word_1_103' title='bbox 506 1757 539 1820; x_wconf 93' lang='lat' dir='ltr'>in</span> <span class='ocrx_word' id='word_1_104' title='bbox 558 1757 781 1836; x_wconf 79' lang='lat' dir='ltr'>chronologicis</span> <span class='ocrx_word' id='word_1_105' title='bbox 800 1769 834 1818; x_wconf 88' lang='lat' dir='ltr'>ut</span> <span class='ocrx_word' id='word_1_106' title='bbox 854 1768 887 1819; x_wconf 81' lang='lat' dir='ltr'>st</span> <span class='ocrx_word' id='word_1_107' title='bbox 904 1756 939 1820; x_wconf 85' lang='lat' dir='ltr'>iu</span> <span class='ocrx_word' id='word_1_108' title='bbox 958 1756 1089 1819; x_wconf 79' lang='lat' dir='ltr'>coeteris</span> <span class='ocrx_word' id='word_1_109' title='bbox 1107 1752 1206 1820; x_wconf 82' lang='lat' dir='ltr'>disci·</span> 
     </span>
     <span class='ocr_line' id='line_1_16' title="bbox 93 1857 1206 1946; baseline 0.002 -24"><span class='ocrx_word' id='word_1_110' title='bbox 93 1861 191 1946; x_wconf 89' lang='lat' dir='ltr'>pliuis</span> <span class='ocrx_word' id='word_1_111' title='bbox 212 1859 417 1922; x_wconf 78' lang='lat' dir='ltr'>versatissimi</span> <span class='ocrx_word' id='word_1_112' title='bbox 435 1857 580 1942; x_wconf 85' lang='lat' dir='ltr'>Dionysii</span> <span class='ocrx_word' id='word_1_113' title='bbox 600 1859 722 1924; x_wconf 78' lang='lat' dir='ltr'>Petsvii</span> <span class='ocrx_word' id='word_1_114' title='bbox 742 1859 924 1938; x_wconf 86' lang='lat' dir='ltr'>suctorittts,</span> <span class='ocrx_word' id='word_1_115' title='bbox 950 1878 969 1921; x_wconf 85' lang='lat' dir='ltr'>tt</span> <span class='ocrx_word' id='word_1_116' title='bbox 989 1880 1051 1945; x_wconf 91' lang='lat' dir='ltr'>quo</span> <span class='ocrx_word' id='word_1_117' title='bbox 1067 1859 1206 1944; x_wconf 87' lang='lat' dir='ltr'>primum</span> 
     </span>
     <span class='ocr_line' id='line_1_17' title="bbox 95 1959 1205 2050; baseline 0.002 -26"><span class='ocrx_word' id='word_1_118' title='bbox 95 1960 215 2025; x_wconf 81' lang='lat' dir='ltr'>editum</span> <span class='ocrx_word' id='word_1_119' title='bbox 230 1973 279 2024; x_wconf 86' lang='lat' dir='ltr'>est</span> <span class='ocrx_word' id='word_1_120' title='bbox 291 1983 360 2025; x_wconf 89' lang='lat' dir='ltr'>cum</span> <span class='ocrx_word' id='word_1_121' title='bbox 373 1959 539 2048; x_wconf 84' lang='lat' dir='ltr'>Nicephori</span> <span class='ocrx_word' id='word_1_122' title='bbox 550 1961 745 2026; x_wconf 76' lang='lat' dir='ltr'>Putriambse</span> <span class='ocrx_word' id='word_1_123' title='bbox 759 1961 914 2050; x_wconf 84' lang='lat' dir='ltr'>Cpoliteni</span> <span class='ocrx_word' id='word_1_124' title='bbox 925 1959 1088 2027; x_wconf 80' lang='lat' dir='ltr'>Brevissio</span> <span class='ocrx_word' id='word_1_125' title='bbox 1100 1962 1205 2026; x_wconf 86' lang='lat' dir='ltr'>bisto-</span> 
     </span>
     <span class='ocr_line' id='line_1_18' title="bbox 94 2062 1204 2152; baseline 0.001 -24"><span class='ocrx_word' id='word_1_126' title='bbox 94 2065 174 2129; x_wconf 85' lang='lat' dir='ltr'>rico:</span> <span class='ocrx_word' id='word_1_127' title='bbox 199 2062 283 2151; x_wconf 93' lang='lat' dir='ltr'>quod</span> <span class='ocrx_word' id='word_1_128' title='bbox 308 2085 378 2128; x_wconf 91' lang='lat' dir='ltr'>cum</span> <span class='ocrx_word' id='word_1_129' title='bbox 399 2066 432 2128; x_wconf 89' lang='lat' dir='ltr'>in</span> <span class='ocrx_word' id='word_1_130' title='bbox 452 2064 553 2146; x_wconf 78' lang='lat' dir='ltr'>Regis</span> <span class='ocrx_word' id='word_1_131' title='bbox 571 2063 707 2129; x_wconf 85' lang='lat' dir='ltr'>editions</span> <span class='ocrx_word' id='word_1_132' title='bbox 722 2063 865 2130; x_wconf 84' lang='lat' dir='ltr'>ciusdem</span> <span class='ocrx_word' id='word_1_133' title='bbox 877 2065 1035 2152; x_wconf 83' lang='lat' dir='ltr'>scriptoris</span> <span class='ocrx_word' id='word_1_134' title='bbox 1049 2064 1204 2139; x_wconf 79' lang='lat' dir='ltr'>omissum</span> 
     </span>
     <span class='ocr_line' id='line_1_19' title="bbox 94 2157 1204 2256; baseline 0.001 -27"><span class='ocrx_word' id='word_1_135' title='bbox 94 2168 201 2249; x_wconf 83' lang='lat' dir='ltr'>luerit,</span> <span class='ocrx_word' id='word_1_136' title='bbox 227 2167 278 2232; x_wconf 90' lang='lat' dir='ltr'>hic</span> <span class='ocrx_word' id='word_1_137' title='bbox 292 2187 413 2232; x_wconf 85' lang='lat' dir='ltr'>rursum</span> <span class='ocrx_word' id='word_1_138' title='bbox 427 2189 600 2256; x_wconf 74' lang='lat' dir='ltr'>proponere</span> <span class='ocrx_word' id='word_1_139' title='bbox 613 2170 717 2232; x_wconf 78' lang='lat' dir='ltr'>visum</span> <span class='ocrx_word' id='word_1_140' title='bbox 729 2181 794 2249; x_wconf 85' lang='lat' dir='ltr'>ost,</span> <span class='ocrx_word' id='word_1_141' title='bbox 820 2181 888 2234; x_wconf 88' lang='lat' dir='ltr'>tum</span> <span class='ocrx_word' id='word_1_142' title='bbox 900 2167 1055 2246; x_wconf 76' lang='lat' dir='ltr'>maxims,</span> <span class='ocrx_word' id='word_1_143' title='bbox 1080 2179 1115 2230; x_wconf 91' lang='grc' dir='ltr'>ιιι</span> <span class='ocrx_word' id='word_1_144' title='bbox 1128 2157 1204 2230; x_wconf 90' lang='lat' dir='ltr'>stti-</span> 
     </span>
     <span class='ocr_line' id='line_1_20' title="bbox 95 2268 1203 2360; baseline 0.001 -27"><span class='ocrx_word' id='word_1_145' title='bbox 95 2271 213 2352; x_wconf 81' lang='lat' dir='ltr'>gimus,</span> <span class='ocrx_word' id='word_1_146' title='bbox 250 2268 333 2358; x_wconf 90' lang='lat' dir='ltr'>quod</span> <span class='ocrx_word' id='word_1_147' title='bbox 358 2269 489 2335; x_wconf 81' lang='lat' dir='ltr'>eosdem</span> <span class='ocrx_word' id='word_1_148' title='bbox 513 2293 592 2358; x_wconf 90' lang='lat' dir='ltr'>quos</span> <span class='ocrx_word' id='word_1_149' title='bbox 619 2272 762 2336; x_wconf 86' lang='lat' dir='ltr'>Zonsrss</span> <span class='ocrx_word' id='word_1_150' title='bbox 789 2293 890 2337; x_wconf 81' lang='lat' dir='ltr'>susos</span> <span class='ocrx_word' id='word_1_151' title='bbox 915 2272 1149 2360; x_wconf 75' lang='lat' dir='ltr'>complectatus,</span> <span class='ocrx_word' id='word_1_152' title='bbox 1179 2291 1203 2334; x_wconf 74' lang='lat' dir='ltr'>s</span> 
     </span>
     <span class='ocr_line' id='line_1_21' title="bbox 94 2372 963 2463; baseline 0.005 -26"><span class='ocrx_word' id='word_1_153' title='bbox 94 2372 212 2439; x_wconf 81' lang='lat' dir='ltr'>mmdo</span> <span class='ocrx_word' id='word_1_154' title='bbox 227 2377 342 2440; x_wconf 77' lang='lat' dir='ltr'>scilicet</span> <span class='ocrx_word' id='word_1_155' title='bbox 354 2373 480 2441; x_wconf 89' lang='lat' dir='ltr'>condito</span> <span class='ocrx_word' id='word_1_156' title='bbox 494 2396 591 2463; x_wconf 88' lang='lat' dir='ltr'>usquc</span> <span class='ocrx_word' id='word_1_157' title='bbox 605 2373 645 2440; x_wconf 82' lang='lat' dir='ltr'>ad</span> <span class='ocrx_word' id='word_1_158' title='bbox 662 2375 797 2441; x_wconf 80' lang='lat' dir='ltr'>cundem</span> <span class='ocrx_word' id='word_1_159' title='bbox 809 2377 963 2441; x_wconf 79' lang='lat' dir='ltr'>Alexinm.</span> 
     </span>
    </p>

    <p class='ocr_par' dir='ltr' id='par_1_4' title="bbox 5 2476 1203 4015">
     <span class='ocr_line' id='line_1_22' title="bbox 197 2476 1200 2567; baseline -0.004 -24"><span class='ocrx_word' id='word_1_160' title='bbox 197 2476 260 2543; x_wconf 85' lang='lat' dir='ltr'>Sed</span> <span class='ocrx_word' id='word_1_161' title='bbox 275 2480 453 2567; x_wconf 83' lang='lat' dir='ltr'>priusquam</span> <span class='ocrx_word' id='word_1_162' title='bbox 466 2480 538 2542; x_wconf 89' lang='lat' dir='ltr'>huic</span> <span class='ocrx_word' id='word_1_163' title='bbox 550 2482 736 2566; x_wconf 79' lang='lat' dir='ltr'>prselofioni</span> <span class='ocrx_word' id='word_1_164' title='bbox 750 2482 823 2543; x_wconf 87' lang='lat' dir='ltr'>linis</span> <span class='ocrx_word' id='word_1_165' title='bbox 835 2481 1030 2567; x_wconf 82' lang='lat' dir='ltr'>imponstur,</span> <span class='ocrx_word' id='word_1_166' title='bbox 1053 2487 1200 2565; x_wconf 78' lang='lat' dir='ltr'>prsostst,</span> 
     </span>
     <span class='ocr_line' id='line_1_23' title="bbox 96 2578 1203 2669; baseline 0 -28"><span class='ocrx_word' id='word_1_167' title='bbox 96 2578 184 2665; x_wconf 89' lang='lat' dir='ltr'>quod</span> <span class='ocrx_word' id='word_1_168' title='bbox 199 2602 286 2668; x_wconf 85' lang='lat' dir='ltr'>supss</span> <span class='ocrx_word' id='word_1_169' title='bbox 301 2604 408 2647; x_wconf 89' lang='lat' dir='ltr'>sumus</span> <span class='ocrx_word' id='word_1_170' title='bbox 422 2584 567 2669; x_wconf 86' lang='lat' dir='ltr'>polliciti,</span> <span class='ocrx_word' id='word_1_171' title='bbox 594 2585 726 2646; x_wconf 77' lang='lat' dir='ltr'>aliorum</span> <span class='ocrx_word' id='word_1_172' title='bbox 738 2582 883 2647; x_wconf 73' lang='lat' dir='ltr'>Zoosrm</span> <span class='ocrx_word' id='word_1_173' title='bbox 897 2600 1044 2667; x_wconf 79' lang='lat' dir='ltr'>operum,</span> <span class='ocrx_word' id='word_1_174' title='bbox 1069 2599 1203 2662; x_wconf 82' lang='lat' dir='ltr'>quorum</span> 
     </span>
     <span class='ocr_line' id='line_1_24' title="bbox 93 2678 1202 2772; baseline -0.002 -27"><span class='ocrx_word' id='word_1_175' title='bbox 93 2684 247 2747; x_wconf 83' lang='lat' dir='ltr'>memoris</span> <span class='ocrx_word' id='word_1_176' title='bbox 260 2684 299 2749; x_wconf 85' lang='lat' dir='ltr'>sd</span> <span class='ocrx_word' id='word_1_177' title='bbox 313 2706 373 2749; x_wconf 90' lang='lat' dir='ltr'>nos</span> <span class='ocrx_word' id='word_1_178' title='bbox 386 2686 543 2772; x_wconf 77' lang='lat' dir='ltr'>pervenit,</span> <span class='ocrx_word' id='word_1_179' title='bbox 559 2682 696 2747; x_wconf 76' lang='lat' dir='ltr'>iudicem</span> <span class='ocrx_word' id='word_1_180' title='bbox 709 2684 861 2748; x_wconf 80' lang='lat' dir='ltr'>subiicere</span> <span class='ocrx_word' id='word_1_181' title='bbox 866 2731 876 2763; x_wconf 94' lang='lat'>,</span> <span class='ocrx_word' id='word_1_182' title='bbox 893 2693 927 2745; x_wconf 87' lang='lat' dir='ltr'>ot</span> <span class='ocrx_word' id='word_1_183' title='bbox 939 2684 991 2747; x_wconf 81' lang='lat' dir='ltr'>vol</span> <span class='ocrx_word' id='word_1_184' title='bbox 1002 2678 1092 2761; x_wconf 79' lang='lat' dir='ltr'>ints,</span> <span class='ocrx_word' id='word_1_185' title='bbox 1108 2700 1202 2765; x_wconf 83' lang='lat' dir='ltr'>quom</span> 
     </span>
     <span class='ocr_line' id='line_1_25' title="bbox 93 2786 1200 2875; baseline -0.002 -24"><span class='ocrx_word' id='word_1_186' title='bbox 93 2788 257 2868; x_wconf 79' lang='lat' dir='ltr'>singularis</span> <span class='ocrx_word' id='word_1_187' title='bbox 270 2790 363 2853; x_wconf 82' lang='lat' dir='ltr'>fuerit</span> <span class='ocrx_word' id='word_1_188' title='bbox 375 2788 436 2853; x_wconf 81' lang='lat' dir='ltr'>viri</span> <span class='ocrx_word' id='word_1_189' title='bbox 450 2786 583 2851; x_wconf 81' lang='lat' dir='ltr'>eruditio</span> <span class='ocrx_word' id='word_1_190' title='bbox 596 2808 632 2850; x_wconf 86' lang='lat' dir='ltr'>sc</span> <span class='ocrx_word' id='word_1_191' title='bbox 644 2786 759 2875; x_wconf 77' lang='lat' dir='ltr'>pistas,</span> <span class='ocrx_word' id='word_1_192' title='bbox 775 2788 871 2851; x_wconf 82' lang='lat' dir='ltr'>lector</span> <span class='ocrx_word' id='word_1_193' title='bbox 880 2796 1069 2872; x_wconf 81' lang='lat' dir='ltr'>ssssquetur.</span> <span class='ocrx_word' id='word_1_194' title='bbox 1106 2796 1200 2870; x_wconf 82' lang='lat' dir='ltr'>etque</span> 
     </span>
     <span class='ocr_line' id='line_1_26' title="bbox 92 2889 1199 2978; baseline 0.001 -26"><span class='ocrx_word' id='word_1_195' title='bbox 92 2904 128 2953; x_wconf 89' lang='lat' dir='ltr'>ut</span> <span class='ocrx_word' id='word_1_196' title='bbox 146 2895 186 2955; x_wconf 82' lang='lat' dir='ltr'>sb</span> <span class='ocrx_word' id='word_1_197' title='bbox 207 2890 300 2957; x_wconf 78' lang='lat' dir='ltr'>editis</span> <span class='ocrx_word' id='word_1_198' title='bbox 318 2903 458 2955; x_wconf 84' lang='lat' dir='ltr'>sumstur</span> <span class='ocrx_word' id='word_1_199' title='bbox 473 2890 612 2969; x_wconf 89' lang='lat' dir='ltr'>initium,</span> <span class='ocrx_word' id='word_1_200' title='bbox 639 2892 769 2955; x_wconf 86' lang='lat' dir='ltr'>occurrit</span> <span class='ocrx_word' id='word_1_201' title='bbox 780 2892 814 2955; x_wconf 91' lang='lat' dir='ltr'>iu</span> <span class='ocrx_word' id='word_1_202' title='bbox 827 2891 936 2978; x_wconf 84' lang='lat' dir='ltr'>primis</span> <span class='ocrx_word' id='word_1_203' title='bbox 949 2889 1199 2954; x_wconf 68' lang='lat' dir='ltr'>commentarius</span> 
     </span>
     <span class='ocr_line' id='line_1_27' title="bbox 92 2986 1199 3083; baseline -0.001 -26"><span class='ocrx_word' id='word_1_204' title='bbox 92 2994 125 3057; x_wconf 85' lang='lat' dir='ltr'>in</span> <span class='ocrx_word' id='word_1_205' title='bbox 147 3016 282 3060; x_wconf 78' lang='lat' dir='ltr'>canones</span> <span class='ocrx_word' id='word_1_206' title='bbox 304 2996 516 3083; x_wconf 77' lang='lat' dir='ltr'>apostolorum</span> <span class='ocrx_word' id='word_1_207' title='bbox 531 3006 563 3057; x_wconf 89' lang='lat' dir='ltr'>st</span> <span class='ocrx_word' id='word_1_208' title='bbox 575 2996 776 3059; x_wconf 86' lang='lat' dir='ltr'>conciliorum</span> <span class='ocrx_word' id='word_1_209' title='bbox 789 2986 825 3077; x_wconf 82' lang='lat'>¹)</span> <span class='ocrx_word' id='word_1_210' title='bbox 846 3006 879 3057; x_wconf 84' lang='lat' dir='ltr'>st</span> <span class='ocrx_word' id='word_1_211' title='bbox 892 2994 926 3057; x_wconf 93' lang='lat' dir='ltr'>in</span> <span class='ocrx_word' id='word_1_212' title='bbox 940 2993 1088 3080; x_wconf 72' lang='lat' dir='ltr'>epistolas</span> <span class='ocrx_word' id='word_1_213' title='bbox 1102 3012 1199 3056; x_wconf 72' lang='lat' dir='ltr'>mno-</span> 
     </span>
     <span class='ocr_line' id='line_1_28' title="bbox 92 3090 1199 3186; baseline -0.003 -25"><span class='ocrx_word' id='word_1_214' title='bbox 92 3098 178 3162; x_wconf 87' lang='lat' dir='ltr'>nicss</span> <span class='ocrx_word' id='word_1_215' title='bbox 192 3090 250 3181; x_wconf 79' lang='lat'>²),</span> <span class='ocrx_word' id='word_1_216' title='bbox 275 3099 360 3162; x_wconf 87' lang='lat' dir='ltr'>cuius</span> <span class='ocrx_word' id='word_1_217' title='bbox 385 3100 490 3161; x_wconf 90' lang='lat' dir='ltr'>titulus</span> <span class='ocrx_word' id='word_1_218' title='bbox 513 3098 556 3162; x_wconf 87' lang='lat' dir='ltr'>its</span> <span class='ocrx_word' id='word_1_219' title='bbox 580 3099 749 3186; x_wconf 89' lang='lat' dir='ltr'>concipitur</span> <span class='ocrx_word' id='word_1_220' title='bbox 770 3098 805 3161; x_wconf 88' lang='lat' dir='ltr'>iu</span> <span class='ocrx_word' id='word_1_221' title='bbox 825 3094 984 3161; x_wconf 78' lang='lat' dir='ltr'>codicibus</span> <span class='ocrx_word' id='word_1_222' title='bbox 1001 3116 1069 3160; x_wconf 90' lang='lat' dir='ltr'>mss</span> <span class='ocrx_word' id='word_1_223' title='bbox 1087 3093 1199 3175; x_wconf 81' lang='lat' dir='ltr'>Regiis</span> 
     </span>
     <span class='ocr_line' id='line_1_29' title="bbox 5 3194 1197 3287; baseline -0.004 -19"><span class='ocrx_word' id='word_1_224' title='bbox 5 3268 14 3285; x_wconf 67' lang='grc'>,</span> <span class='ocrx_word' id='word_1_225' title='bbox 88 3198 248 3285; x_wconf 71' lang='grc' dir='ltr'>Ἔξήγησις</span> <span class='ocrx_word' id='word_1_226' title='bbox 266 3207 326 3267; x_wconf 80' lang='grc' dir='ltr'><strong><em>τῶν</em></strong></span> <span class='ocrx_word' id='word_1_227' title='bbox 345 3200 433 3287; x_wconf 76' lang='grc' dir='ltr'><strong><em>ἱερῶν</em></strong></span> <span class='ocrx_word' id='word_1_228' title='bbox 449 3202 500 3265; x_wconf 81' lang='lat' dir='ltr'>sul</span> <span class='ocrx_word' id='word_1_229' title='bbox 515 3202 609 3267; x_wconf 71' lang='grc' dir='ltr'><strong><em>θείων</em></strong></span> <span class='ocrx_word' id='word_1_230' title='bbox 625 3198 761 3267; x_wconf 81' lang='grc' dir='ltr'><strong><em>κανόνων</em></strong></span> <span class='ocrx_word' id='word_1_231' title='bbox 774 3206 837 3265; x_wconf 80' lang='grc' dir='ltr'><strong><em>τῶν</em></strong></span> <span class='ocrx_word' id='word_1_232' title='bbox 852 3224 886 3265; x_wconf 80' lang='grc' dir='ltr'>τε</span> <span class='ocrx_word' id='word_1_233' title='bbox 901 3194 996 3284; x_wconf 70' lang='grc' dir='ltr'><strong><em>ἁγίων</em></strong></span> <span class='ocrx_word' id='word_1_234' title='bbox 1010 3200 1063 3261; x_wconf 79' lang='lat' dir='ltr'>xcl</span> <span class='ocrx_word' id='word_1_235' title='bbox 1079 3202 1197 3263; x_wconf 79' lang='grc' dir='ltr'>σιπτιῦν</span> 
     </span>
     <span class='ocr_line' id='line_1_30' title="bbox 91 3294 1197 3389; baseline -0.002 -22"><span class='ocrx_word' id='word_1_236' title='bbox 91 3294 271 3370; x_wconf 70' lang='grc' dir='ltr'><strong><em>ἄποσνόλων</em></strong></span> <span class='ocrx_word' id='word_1_237' title='bbox 293 3306 344 3369; x_wconf 84' lang='lat' dir='ltr'>stoi</span> <span class='ocrx_word' id='word_1_238' title='bbox 367 3310 428 3369; x_wconf 82' lang='grc' dir='ltr'><strong><em>τῶν</em></strong></span> <span class='ocrx_word' id='word_1_239' title='bbox 451 3302 540 3389; x_wconf 76' lang='grc' dir='ltr'>ἷιρῶν</span> <span class='ocrx_word' id='word_1_240' title='bbox 562 3306 776 3388; x_wconf 79' lang='grc' dir='ltr'>οίιιονμενικῶν</span> <span class='ocrx_word' id='word_1_241' title='bbox 792 3298 948 3382; x_wconf 71' lang='lat' dir='ltr'>aseddus,</span> <span class='ocrx_word' id='word_1_242' title='bbox 972 3300 1052 3366; x_wconf 70' lang='lat' dir='ltr'>itti</span> <span class='ocrx_word' id='word_1_243' title='bbox 1066 3300 1128 3383; x_wconf 85' lang='grc' dir='ltr'><strong><em>μὴν</em></strong></span> <span class='ocrx_word' id='word_1_244' title='bbox 1143 3301 1197 3367; x_wconf 80' lang='lat' dir='ltr'>stol</span> 
     </span>
     <span class='ocr_line' id='line_1_31' title="bbox 90 3404 1195 3493; baseline -0.002 -22"><span class='ocrx_word' id='word_1_245' title='bbox 90 3414 156 3473; x_wconf 78' lang='grc' dir='ltr'><strong><em>τῶν·</em></strong></span> <span class='ocrx_word' id='word_1_246' title='bbox 175 3412 290 3473; x_wconf 74' lang='grc' dir='ltr'>λοιπῶν</span> <span class='ocrx_word' id='word_1_247' title='bbox 308 3404 401 3493; x_wconf 77' lang='grc' dir='ltr'><strong><em>ἁγίων</em></strong></span> <span class='ocrx_word' id='word_1_248' title='bbox 416 3407 571 3493; x_wconf 70' lang='grc' dir='ltr'><strong><em>πατέρων,</em></strong></span> <span class='ocrx_word' id='word_1_249' title='bbox 597 3414 768 3491; x_wconf 74' lang='grc' dir='ltr'><strong><em>πονηθιῖσα</em></strong></span> <span class='ocrx_word' id='word_1_250' title='bbox 780 3404 904 3493; x_wconf 75' lang='grc' dir='ltr'><strong><em>Ἰωάννῃ</em></strong></span> <span class='ocrx_word' id='word_1_251' title='bbox 920 3410 1046 3491; x_wconf 75' lang='grc' dir='ltr'><strong><em>μοναχῷ</em></strong></span> <span class='ocrx_word' id='word_1_252' title='bbox 1061 3410 1106 3491; x_wconf 71' lang='grc' dir='ltr'>τῷ</span> <span class='ocrx_word' id='word_1_253' title='bbox 1122 3408 1195 3469; x_wconf 89' lang='grc' dir='ltr'>Ζω-</span> 
     </span>
     <span class='ocr_line' id='line_1_32' title="bbox 90 3507 1195 3602; baseline -0.003 -27"><span class='ocrx_word' id='word_1_254' title='bbox 90 3514 170 3602; x_wconf 75' lang='grc' dir='ltr'>νιιρᾷ</span> <span class='ocrx_word' id='word_1_255' title='bbox 190 3516 237 3599; x_wconf 79' lang='grc' dir='ltr'>τῷ</span> <span class='ocrx_word' id='word_1_256' title='bbox 259 3508 393 3597; x_wconf 74' lang='grc' dir='ltr'>γεγονότι</span> <span class='ocrx_word' id='word_1_257' title='bbox 414 3507 537 3599; x_wconf 77' lang='grc' dir='ltr'>μεγάλῳ</span> <span class='ocrx_word' id='word_1_258' title='bbox 560 3508 752 3598; x_wconf 76' lang='grc' dir='ltr'>δγονγγαρίιγ</span> <span class='ocrx_word' id='word_1_259' title='bbox 772 3516 830 3594; x_wconf 76' lang='grc' dir='ltr'>τῆς</span> <span class='ocrx_word' id='word_1_260' title='bbox 849 3510 958 3593; x_wconf 74' lang='grc' dir='ltr'>βίγλιις</span> <span class='ocrx_word' id='word_1_261' title='bbox 978 3508 1030 3573; x_wconf 76' lang='grc' dir='ltr'>καὶ</span> <span class='ocrx_word' id='word_1_262' title='bbox 1051 3530 1195 3593; x_wconf 73' lang='lat' dir='ltr'>oportun·</span> 
     </span>
     <span class='ocr_line' id='line_1_33' title="bbox 90 3611 1195 3703; baseline -0.003 -25"><span class='ocrx_word' id='word_1_263' title='bbox 90 3621 244 3703; x_wconf 74' lang='grc' dir='ltr'>σηνρῆιις.</span> <span class='ocrx_word' id='word_1_264' title='bbox 293 3616 327 3678; x_wconf 90' lang='lat' dir='ltr'>in</span> <span class='ocrx_word' id='word_1_265' title='bbox 345 3614 436 3679; x_wconf 89' lang='lat' dir='ltr'>istius</span> <span class='ocrx_word' id='word_1_266' title='bbox 452 3636 551 3702; x_wconf 85' lang='lat' dir='ltr'>porro</span> <span class='ocrx_word' id='word_1_267' title='bbox 561 3616 663 3703; x_wconf 75' lang='lat' dir='ltr'>operis</span> <span class='ocrx_word' id='word_1_268' title='bbox 676 3613 867 3702; x_wconf 84' lang='lat' dir='ltr'>presietiono</span> <span class='ocrx_word' id='word_1_269' title='bbox 880 3611 956 3677; x_wconf 90' lang='lat' dir='ltr'>illud</span> <span class='ocrx_word' id='word_1_270' title='bbox 969 3633 1005 3674; x_wconf 88' lang='lat' dir='ltr'>so</span> <span class='ocrx_word' id='word_1_271' title='bbox 1015 3630 1195 3691; x_wconf 80' lang='lat' dir='ltr'>eggressum</span> 
     </span>
     <span class='ocr_line' id='line_1_34' title="bbox 90 3712 1194 3807; baseline 0 -30"><span class='ocrx_word' id='word_1_272' title='bbox 90 3720 133 3780; x_wconf 89' lang='lat' dir='ltr'>sit</span> <span class='ocrx_word' id='word_1_273' title='bbox 153 3742 218 3783; x_wconf 87' lang='lat' dir='ltr'>noo</span> <span class='ocrx_word' id='word_1_274' title='bbox 239 3730 353 3807; x_wconf 76' lang='lat' dir='ltr'>sponte</span> <span class='ocrx_word' id='word_1_275' title='bbox 370 3716 428 3781; x_wconf 81' lang='lat' dir='ltr'>ssd</span> <span class='ocrx_word' id='word_1_276' title='bbox 446 3719 572 3782; x_wconf 75' lang='lat' dir='ltr'>alterius</span> <span class='ocrx_word' id='word_1_277' title='bbox 586 3738 754 3805; x_wconf 78' lang='lat' dir='ltr'>persuasu,</span> <span class='ocrx_word' id='word_1_278' title='bbox 779 3716 933 3782; x_wconf 82' lang='lat' dir='ltr'>Msnuclis</span> <span class='ocrx_word' id='word_1_279' title='bbox 946 3718 1027 3779; x_wconf 84' lang='lat' dir='ltr'>lorto</span> <span class='ocrx_word' id='word_1_280' title='bbox 1039 3712 1194 3779; x_wconf 83' lang='lat' dir='ltr'>Gomnsni</span> 
     </span>
     <span class='ocr_line' id='line_1_35' title="bbox 90 3816 1193 3907; baseline 0.001 -25"><span class='ocrx_word' id='word_1_281' title='bbox 90 3818 183 3907; x_wconf 80' lang='lat' dir='ltr'>imp,</span> <span class='ocrx_word' id='word_1_282' title='bbox 208 3834 242 3885; x_wconf 91' lang='lat' dir='ltr'>ut</span> <span class='ocrx_word' id='word_1_283' title='bbox 263 3823 343 3885; x_wconf 79' lang='lat' dir='ltr'>inira</span> <span class='ocrx_word' id='word_1_284' title='bbox 363 3820 519 3886; x_wconf 80' lang='lat' dir='ltr'>dicemuss</span> <span class='ocrx_word' id='word_1_285' title='bbox 542 3816 586 3903; x_wconf 81' lang='grc' dir='ltr'>μή</span> <span class='ocrx_word' id='word_1_286' title='bbox 610 3844 657 3898; x_wconf 83' lang='grc' dir='ltr'>τις</span> <span class='ocrx_word' id='word_1_287' title='bbox 679 3820 714 3886; x_wconf 79' lang='lat' dir='ltr'>dl</span> <span class='ocrx_word' id='word_1_288' title='bbox 734 3844 789 3903; x_wconf 87' lang='grc' dir='ltr'>μοι</span> <span class='ocrx_word' id='word_1_289' title='bbox 811 3820 974 3903; x_wconf 71' lang='grc' dir='ltr'><strong><em>καταγνοίη</em></strong></span> <span class='ocrx_word' id='word_1_290' title='bbox 996 3816 1193 3903; x_wconf 77' lang='grc' dir='ltr'><strong><em>προπίτνων·</em></strong></span> 
     </span>
     <span class='ocr_line' id='line_1_36' title="bbox 91 3920 1191 4015; baseline 0.005 -28"><span class='ocrx_word' id='word_1_291' title='bbox 91 3920 127 3985; x_wconf 77' lang='grc' dir='ltr'>οὐ</span> <span class='ocrx_word' id='word_1_292' title='bbox 159 3924 216 4009; x_wconf 78' lang='grc' dir='ltr'>γὰρ</span> <span class='ocrx_word' id='word_1_293' title='bbox 247 3923 307 4012; x_wconf 79' lang='grc' dir='ltr'>ἀφ’</span> <span class='ocrx_word' id='word_1_294' title='bbox 336 3921 446 3991; x_wconf 77' lang='grc' dir='ltr'><strong><em>ἑαυτοῦ</em></strong></span> <span class='ocrx_word' id='word_1_295' title='bbox 468 3929 513 4015; x_wconf 75' lang='grc' dir='ltr'>τῷ</span> <span class='ocrx_word' id='word_1_296' title='bbox 535 3920 686 4008; x_wconf 68' lang='grc' dir='ltr'>κινήματι</span> <span class='ocrx_word' id='word_1_297' title='bbox 709 3926 852 4011; x_wconf 68' lang='grc' dir='ltr'>ἐγχειρῶ,</span> <span class='ocrx_word' id='word_1_298' title='bbox 876 3920 957 3988; x_wconf 77' lang='grc' dir='ltr'>ἀλλὰ</span> <span class='ocrx_word' id='word_1_299' title='bbox 980 3921 1191 4009; x_wconf 72' lang='grc' dir='ltr'>παρακληθείς</span> 
     </span>
    </p>
   </div>
   <div class='ocr_carea' id='block_1_3' title="bbox 90 4059 294 4073">
    <p class='ocr_par' dir='ltr' id='par_1_5' title="bbox 90 4059 294 4073">
     <span class='ocr_line' id='line_1_37' title="bbox 90 4059 294 4073; baseline 0 0"><span class='ocrx_word' id='word_1_300' title='bbox 90 4059 294 4073; x_wconf 65' lang='grc' dir='ltr'>Ι--σι-ι--ι-</span> 
     </span>
    </p>
   </div>
   <div class='ocr_carea' id='block_1_4' title="bbox 92 4114 1188 4329">
    <p class='ocr_par' dir='ltr' id='par_1_6' title="bbox 92 4114 1188 4329">
     <span class='ocr_line' id='line_1_38' title="bbox 161 4114 1123 4189; baseline -0.008 -16"><span class='ocrx_word' id='word_1_301' title='bbox 161 4118 198 4185; x_wconf 90' lang='lat'>1)</span> <span class='ocrx_word' id='word_1_302' title='bbox 249 4120 291 4176; x_wconf 88' lang='lat' dir='ltr'>ed.</span> <span class='ocrx_word' id='word_1_303' title='bbox 308 4118 395 4175; x_wconf 77' lang='lat' dir='ltr'>Puris&#39;.</span> <span class='ocrx_word' id='word_1_304' title='bbox 411 4118 480 4175; x_wconf 76' lang='lat'>1618</span> <span class='ocrx_word' id='word_1_305' title='bbox 495 4120 542 4175; x_wconf 85' lang='lat' dir='ltr'>iol.</span> <span class='ocrx_word' id='word_1_306' title='bbox 559 4126 588 4174; x_wconf 80' lang='lat' dir='ltr'>st</span> <span class='ocrx_word' id='word_1_307' title='bbox 604 4120 633 4173; x_wconf 83' lang='lat' dir='ltr'>iu</span> <span class='ocrx_word' id='word_1_308' title='bbox 651 4117 792 4189; x_wconf 79' lang='lat' dir='ltr'>Bcusregis&#39;</span> <span class='ocrx_word' id='word_1_309' title='bbox 805 4117 944 4173; x_wconf 80' lang='lat' dir='ltr'>Psodectis</span> <span class='ocrx_word' id='word_1_310' title='bbox 960 4114 1123 4183; x_wconf 74' lang='lat' dir='ltr'>Csuonnm]</span> 
     </span>
     <span class='ocr_line' id='line_1_39' title="bbox 157 4182 1188 4261; baseline -0.001 -21"><span class='ocrx_word' id='word_1_311' title='bbox 157 4188 193 4255; x_wconf 77' lang='lat'>2)</span> <span class='ocrx_word' id='word_1_312' title='bbox 245 4190 287 4245; x_wconf 84' lang='lat' dir='ltr'>ed.</span> <span class='ocrx_word' id='word_1_313' title='bbox 303 4189 337 4242; x_wconf 83' lang='lat' dir='ltr'>sd</span> <span class='ocrx_word' id='word_1_314' title='bbox 354 4190 449 4243; x_wconf 73' lang='lat' dir='ltr'>calcem</span> <span class='ocrx_word' id='word_1_315' title='bbox 469 4189 594 4259; x_wconf 74' lang='lat' dir='ltr'>Gregorii</span> <span class='ocrx_word' id='word_1_316' title='bbox 613 4188 833 4261; x_wconf 65' lang='lat' dir='ltr'>sssumturgi,</span> <span class='ocrx_word' id='word_1_317' title='bbox 856 4187 942 4245; x_wconf 78' lang='lat' dir='ltr'>Pstis.</span> <span class='ocrx_word' id='word_1_318' title='bbox 960 4186 1028 4241; x_wconf 79' lang='lat'>1621</span> <span class='ocrx_word' id='word_1_319' title='bbox 1045 4182 1094 4240; x_wconf 83' lang='lat' dir='ltr'>tot.</span> <span class='ocrx_word' id='word_1_320' title='bbox 1115 4182 1188 4239; x_wconf 80' lang='lat' dir='ltr'>stis</span> 
     </span>
     <span class='ocr_line' id='line_1_40' title="bbox 92 4252 560 4329; baseline 0.009 -18"><span class='ocrx_word' id='word_1_321' title='bbox 92 4252 228 4329; x_wconf 69' lang='lat' dir='ltr'>Bmegtt</span> <span class='ocrx_word' id='word_1_322' title='bbox 242 4258 383 4315; x_wconf 78' lang='lat' dir='ltr'>Psudsetis</span> <span class='ocrx_word' id='word_1_323' title='bbox 398 4260 560 4329; x_wconf 73' lang='lat' dir='ltr'>Cunnum]</span> 
     </span>
    </p>
   </div>
   <div class='ocr_carea' id='block_1_5' title="bbox 0 0 1480 4800">
    <p class='ocr_par' dir='ltr' id='par_1_7' title="bbox 0 0 1480 4800">
     <span class='ocr_line' id='line_1_41' title="bbox 0 0 1480 4800; baseline 0 4"><span class='ocrx_word' id='word_1_324' title='bbox 0 0 1480 4800; x_wconf 95' lang='lat' dir='ltr'> </span> 
     </span>
    </p>
   </div>
  </div>
 </body>
</html>
