2950 4800
569 252 815 326 imoimo.
1138 277 1247 330 mm

141 444 255 523 rident,
271 441 361 512 multi
373 441 471 522 flent,
487 442 590 529 plures
601 439 817 523 indignantur,
829 443 968 530 pien'qne
981 463 1094 509 omnes
1107 467 1244 533 conque·

141 561 252 616 runnu.
300 567 396 614 nemo
415 567 480 612 uon
500 546 602 610 aliene
624 547 703 614 titis
717 546 862 634 perspicit
875 557 906 612 et
919 548 1072 628 exegitet3
1098 569 1154 613 sue
1168 571 1245 617 vero

142 653 221 720 serio
240 662 274 716 et
294 660 471 718 comuntur
493 647 724 716 emendatiore
745 670 858 727 nemo,
884 662 937 714 ant
952 671 1029 727 sens
1044 653 1244 740 peucimimi:

138 758 170 822 in
191 778 252 842 quo
274 755 390 837 exiguo
408 775 500 836 grege
511 755 631 820 utinsm
644 765 676 820 et
690 773 749 836 ego
763 754 922 842 meipsum
935 775 1095 820 numerere
1107 778 1246 844 possem.

137 858 191 926 esti
216 861 326 926 ussum
354 880 414 945 quo
440 870 531 946 pecto
553 846 707 946 enemplie
728 859 830 940 magis
851 878 963 923 omnes
983 859 1132 924 trahimur
1150 883 1247 948 qnam

138 962 299 1051 discipline
320 975 353 1028 et
373 946 509 1042 ustione,
534 964 585 1028 eoi
608 962 662 1033 siu
679 958 861 1049 ἐπιχώριον,
887 971 922 1026 ut
942 961 1167 1049 Aristophontes
1189 968 1245 1047 ait,

138 1067 287 1149 ἀσκοῦμεν
298 1062 422 1154 τρόπον.
473 1069 565 1155 pauci
579 1067 664 1132 enim
677 1087 714 1130 en
729 1074 801 1130 sunt
812 1067 867 1131 vel
879 1061 1044 1153 prudentis
1058 1067 1112 1130 vei
1125 1069 1246 1134 enimo-

138 1191 203 1238 που
217 1171 390 1240 constentis
404 1169 553 1259 proseliti,
575 1181 610 1236 ut
623 1191 694 1234 eum
705 1170 794 1236 vitiis
807 1181 841 1234 et
853 1169 1007 1235 erroribus
1021 1190 1152 1234 suorum
1164 1184 1247 1238 tem·

136 1295 244 1361 porum
265 1291 403 1362 pugnero
417 1275 555 1362 possint.
604 1275 649 1338 its
669 1273 761 1358 qussi
779 1275 844 1336 isto
865 1269 1002 1356 quodmn
1014 1275 1199 1362 praecipites
1211 1277 1248 1342 io

134 1379 366 1458 vincentinus,
390 1389 482 1448 etex
500 1376 854 1444 vitiisincuiemitetes.
905 1393 985 1458 ques
997 1375 1127 1442 sonasse
1141 1381 1247 1445 minus
1368 1414 1388 1455 ·,

132 1484 250 1551 multae
272 1493 325 1546 aut
344 1484 458 1548 saltem
476 1480 611 1544 leviores
632 1489 766 1555 essent‚.
780 1477 809 1542 si
827 1487 942 1544 recum
961 1477 1117 1544 ustionem
1131 1493 1161 1544 et
1174 1483 1248 1546 reii-

132 1605 211 1671 quos
226 1583 330 1651 adhuc
345 1585 380 1650 in
394 1596 505 1648 natura
517 1593 624 1649 nostre
638 1581 762 1648 divinae
774 1580 852 1644 lucis
864 1579 1017 1661 igniculos
1027 1581 1062 1646 in
1074 1587 1170 1648 tentis
1179 1586 1247 1651 ior·

71 1677 75 1684 ’
130 1701 228 1756 tuneo
243 1688 380 1755 tenebris
394 1685 753 1770 tanqusmiideiiseimos
766 1683 861 1750 duces
874 1705 1083 1770 sequeremur.
1118 1688 1247 1774 quodsi

128 1793 239 1872 fieret,
254 1813 322 1856 non
335 1790 428 1854 toties
442 1793 539 1854 istum
552 1789 629 1854 fatui
642 1799 673 1856 et
686 1808 809 1854 cescum
818 1791 977 1856 fortunam
988 1791 1073 1856 caeci
1085 1812 1246 1858 accusam-

128 1917 220 1973 mus‚
238 1913 342 1978 neque
353 1903 476 1958 nostros
491 1913 610 1959 emores
625 1903 655 1954 et
669 1893 747 1958 sitis
761 1893 901 1960 obscuris
911 1891 1098 1976 quibusdem
1106 1897 1246 1962 nomini·

130 2000 185 2064 bns
200 1999 390 2064 volaremus.
423 1997 507 2060 nulls
520 1993 649 2080 quidem
662 2007 710 2060 est
721 1997 756 2062 iu
770 1996 859 2063 terris
872 1997 927 2060 vel
938 1997 1111 2083 sapientiae
1119 2003 1171 2064 vei
1180 2003 1248 2066 vir·

131 2103 202 2170 usis
216 2100 384 2189 perfectio,
400 2111 432 2164 et
444 2100 556 2168 seusus
571 2096 754 2166 describitur
763 2100 857 2166 nobis
867 2100 920 2168 itte
930 2099 985 2185 qui
991 2099 1075 2189 spui
1082 2105 1249 2169 Horatium

549 2239 603 2278 uno
619 2225 704 2283 minor
719 2231 761 2281 est
778 2227 859 2280 Iesse
881 2224 968 2294 dives,

299 2313 383 2378 liber,
399 2310 559 2382 honoratus,
575 2311 700 2384 pulcher,
718 2331 767 2368 rex
784 2313 898 2384 denique
911 2329 1013 2384 regens

298 2398 441 2473 praecipue
456 2414 546 2467 sanus,

135 2526 184 2582 sut
194 2510 281 2601 apud
294 2510 429 2583 Gellium
441 2508 599 2588 ἀκώλυτος
603 2558 613 2589 ,
631 2510 845 2591 irrupimus,
862 2506 1144 2599 ἀπορεμπόδιοτος,
1161 2508 1248 2577 ἑλώ-

136 2620 244 2703 θερος,
263 2614 393 2700 εὔπορος
399 2662 409 2693 ,
428 2612 592 2697 εὐδαίμων.
645 2614 760 2699 qualis,
789 2626 825 2677 ut
842 2616 970 2702 opinor,
997 2636 1091 2679 nemo
1110 2635 1249 2700 unquam

134 2721 190 2783 fuit
200 2740 305 2805 neque
317 2724 437 2785 iuturus
453 2730 511 2789 est.
563 2718 708 2787 omuibus
722 2716 824 2797 enim,
841 2716 925 2804 quod
940 2718 1082 2785 satiricus
1093 2722 1249 2806 perfacete

133 2822 236 2905 sidit,
265 2846 331 2891 nou
344 2820 441 2887 modo
455 2821 582 2909 pituita,
611 2818 668 2891 sad
680 2821 767 2887 iisse
780 2832 813 2887 et
825 2834 892 2889 stre
907 2824 978 2889 biiis
991 2822 1159 2908 aliquando
1173 2845 1247 2891 mo-

133 2929 208 2997 leste
226 2939 290 2996 est.
341 2924 425 3011 quod
444 2927 563 2998 utinam
584 2926 688 2991 minus
708 2927 816 2992 crebro
836 2939 869 2993 et
885 2927 919 2992 in
941 2926 1032 2992 dictis
1052 2940 1084 2992 et
1101 2929 1136 2991 in
1155 2929 1245 2995 fectis

132 3029 471 3118 praestantissimorum
487 3031 626 3097 virorum
642 3042 826 3095 cerneretur.
877 3032 994 3117 alioqui
1008 3029 1181 3097 doctrinam
1194 3030 1246 3097 di·
1272 3082 1278 3099 .

132 3135 279 3203 sinsrtm
299 3134 565 3219 humanorumque
578 3154 681 3205 rerum
696 3144 728 3197 et
741 3133 943 3215 integriorem
956 3146 989 3199 et
1001 3134 1106 3199 minus
1120 3146 1247 3201 contro-

131 3258 260 3307 sersam
279 3248 311 3303 et
330 3240 429 3307 multo
450 3236 679 3325 expeditiorem
698 3238 901 3317 haberemus,
927 3249 960 3305 ot
979 3238 1045 3305 sita
1066 3239 1246 3305 mortalium

132 3342 291 3411 aerumnis
309 3343 402 3423 longe
420 3342 616 3428 paucioribus
633 3354 832 3429 premeretur.
883 3341 940 3409 sesi
959 3352 1079 3407 tentem
1097 3363 1167 3408 esse
1186 3365 1246 3409 vo·

132 3445 274 3514 cordiam
287 3456 320 3515 at
332 3446 500 3525 melitium,
524 3458 558 3513 ut
572 3446 661 3531 qussi
676 3444 715 3509 de
729 3444 882 3509 industrie
894 3447 1028 3512 miseros
1041 3456 1074 3507 et
1084 3466 1144 3511 nos
1157 3447 1245 3533 ipsos

132 3562 163 3615 et
174 3550 501 3628 dinumeremus,
516 3547 551 3613 id
564 3570 639 3615 vero
653 3561 702 3615 est
716 3546 896 3620 dolensium.
949 3547 1023 3635 quid
1035 3548 1121 3615 enim
1132 3551 1244 3629 obstet,

133 3656 252 3723 nuruis
273 3664 307 3721 st
324 3665 426 3721 morte
441 3652 579 3740 exeeptis
602 3654 754 3739 (quorum
766 3654 839 3719 iilos
850 3653 1088 3741 intemperantia
1100 3655 1244 3742 voluptu-

133 3767 197 3824 ton
213 3770 309 3849 etque
324 3756 488 3823 libidinum
501 3759 709 3837 cumulamus,
736 3758 816 3821 hanc
830 3776 925 3845 steps
938 3757 1029 3843 qussi
1040 3756 1246 3839 refugientem

137 3860 213 3927 duo
233 3862 457 3945 sucessimus),
484 3882 545 3949 quo
560 3862 665 3928 minus
678 3863 776 3927 etism
787 3862 823 3927 in
833 3862 924 3927 terris
936 3862 1039 3947 aliquo
1051 3858 1149 3927 modo
1161 3858 1247 3926 beati

136 3960 254 4029 siunt
279 3986 351 4035 cum
372 3962 479 4034 divine
501 3966 675 4047 benignitus
694 3962 735 4033 ci
754 3968 873 4031 victum
893 3977 925 4029 et
942 3968 1058 4033 cultum
1071 3962 1245 4029 occesserit

135 4064 300 4137 iberius
314 4070 420 4137 omnis
434 4069 627 4158 suppeditet,
651 4068 750 4137 motio
762 4081 846 4135 recte
859 4079 1015 4135 uteremur
1026 4080 1058 4133 et
1069 4064 1258 4141 numanus,

135 4175 443 4241 communicaremus.
492 4194 569 4241 nam
593 4174 790 4262 pestilentius
810 4170 938 4258 quidem
959 4184 991 4237 et
1013 4170 1192 4235 sterilitates
1213 4181 1247 4235 et

133 4281 233 4341 terres
254 4287 360 4345 motus
382 4287 414 4341 et
435 4278 589 4345 siccitates
609 4290 642 4345 et
661 4275 900 4358 inundationes,
926 4286 959 4338 st
974 4272 1004 4339 si
1017 4294 1078 4359 que
1093 4285 1165 4339 sunt
1177 4274 1247 4339 eius

175 4372 301 4433 lunum
320 4378 447 4434 Anneius.
829 4446 834 4455 Ι
1020 4390 1036 4425 ο
