2950 4800
118 221 121 226 “
223 245 285 296 m
674 223 892 295 unemun-

224 434 297 478 eom
317 409 416 500 ipsius
434 411 577 480 Zonerm
596 407 747 480 divisioni
764 412 918 479 contraria
935 409 994 495 sit,
1015 415 1113 482 satius
1126 414 1273 488 duximus
1285 445 1328 490 ex

223 519 364 584 virorum
384 515 574 582 eruditorum
593 519 723 582 consilio
745 518 926 583 universum
944 517 1005 584 hoc
1020 519 1186 590 Annalium
1199 547 1280 614 opus
1291 529 1328 593 in

221 620 318 720 libros
335 621 375 684 18
388 620 519 732 partiri,¹
535 621 632 684 libros
645 639 721 686 vero
734 620 769 684 in
783 622 947 702 sectiones,

430 777 535 818 semem
552 778 587 818 na
600 761 684 816 lector
699 760 763 832 inge
778 766 893 833 pareret
907 760 986 834 opus.
1015 843 1018 847 ἴ

224 859 298 906 nm
316 852 351 907 nt
428 932 569 990 intervalla
584 931 647 988 rire
662 929 741 986 laesis
756 938 894 1003 pressure
908 933 1015 990 ridetur

463 1019 512 1090 qni
528 1023 605 1072 notat
619 1017 762 1089 inscriptus
778 1021 852 1074 milis
866 1021 962 1075 erebro
978 1019 1046 1093 lepis
1064 1021 1108 1092 ¹),

220 1145 267 1212 its
287 1145 436 1211 librorum
454 1143 627 1212 divisiones
648 1167 668 1210 a
689 1147 835 1212 continua
852 1149 993 1214 lectionis
1009 1148 1192 1216 assiduitate
1203 1151 1329 1218 lectoris

220 1251 364 1313 animum
375 1252 529 1331 relaxant,
551 1269 623 1314 cerm
635 1250 729 1314 habet
742 1253 797 1315 nbi
808 1254 903 1335 longo
916 1253 1006 1339 quasi
1018 1254 1129 1319 itinere
1141 1253 1329 1337 defatigatus

221 1353 389 1434 consistat3
420 1351 604 1442 prsesardm
630 1353 727 1418 etiam
750 1375 822 1419 cum
845 1356 926 1420 nilril
945 1359 1066 1420 auctori
1086 1354 1251 1422 detrahant
1269 1379 1328 1423 nec
1465 1354 1466 1431 ᾗ

108 1531 115 1544 ⁵
222 1456 399 1543 scriptionis
421 1457 535 1520 seriem
554 1457 750 1544 abmmpant.
797 1456 880 1522 adde
899 1458 982 1544 quod
994 1457 1030 1523 id
1043 1461 1218 1547 partitionis
1229 1481 1329 1542 genus
1375 1500 1380 1510 ·
1465 1456 1466 1471 ¹

220 1555 264 1622 ad
288 1561 374 1622 locos
400 1579 443 1622 ax
467 1557 666 1644 scriptoribus
691 1556 833 1625 laudatos
852 1562 959 1626 statim
977 1560 1178 1648 reperiendos
1196 1565 1329 1628 multum

222 1658 390 1725 conducet:
415 1658 498 1724 unde
517 1658 678 1726 inductum
697 1660 774 1757 illud
786 1665 852 1726 lere
866 1665 906 1726 ab
920 1663 1138 1728 eruditioribus
1151 1665 1185 1728 in
1200 1667 1329 1751 quibus·

221 1763 273 1831 ris
293 1763 539 1850 exemplaribus,
565 1783 644 1851 quea
665 1765 809 1828 continua
823 1765 904 1830 serie
917 1767 1035 1852 absque
1046 1767 1135 1832 libris
1147 1769 1199 1834 rel
1210 1770 1329 1855 absque

222 1866 373 1956 capitibus
388 1865 609 1932 describuntur.
659 1863 1328 1954 quodquidemitainZonaraconlocimue,

221 1981 257 2034 nt
276 1971 406 2034 alteram
417 1981 540 2059 purtem
552 1970 750 2040 Wolfianam
762 1973 834 2050 al,
859 1971 983 2036 tertiam
995 1991 1071 2037 vero
1083 1993 1104 2034 n
1118 1974 1160 2039 13
1172 1975 1269 2053 libro,
1292 1986 1328 2037 nt

220 2085 341 2162 partem
362 2073 529 2140 Annalium
547 2075 675 2138 alteram
695 2071 866 2140 sennodum
878 2073 1013 2140 aucuris
1024 2086 1181 2165 receptam
1195 2074 1328 2144 dirisio-
1465 2102 1466 2105 =

220 2197 295 2242 nem
308 2198 328 2242 s
340 2178 420 2244 libro
438 2181 478 2244 to
490 2176 695 2265 auspicemur.

320 2277 390 2345 Iam
408 2299 485 2346 raro
504 2279 582 2369 quid
595 2281 754 2352 Wollium
765 2239 922 2371 impuleril
935 2278 1024 2349 ulad
1036 2283 1179 2351 Zonaras
1191 2282 1328 2348 Annales

219 2381 254 2449 in
273 2382 418 2449 Latinam
436 2384 574 2468 lingum
590 2384 817 2453 convertendos
829 2408 901 2453 sess
912 2386 1094 2467 accinxerit,
1118 2386 1257 2476 pluribus
1270 2384 1330 2449 de-

221 2489 344 2553 claret
333 2510 402 2577 rpse
419 2490 454 2553 in
471 2490 683 2571 Ριιιῐιῑὶοιιο,
709 2510 805 2577 quam
818 2502 944 2555 nostrae
955 2492 1007 2556 lric
1018 2490 1213 2570 subiicimus,
1234 2499 1329 2574 atquo

219 2592 318 2656 etiam
330 2594 364 2657 in
378 2591 440 2657 alia
452 2592 493 2657 ad
501 2592 670 2683 Nicephori
679 2592 837 2677 Gregorse
844 2595 1018 2659 Historiem
1029 2614 1050 2657 a
1063 2612 1099 2657 se
1110 2593 1227 2681 puriter
1234 2591 1327 2657 Latio

220 2692 387 2776 donatam,
412 2716 523 2782 quem,
550 2708 585 2761 ut
598 2709 630 2762 et
643 2698 803 2778 Ζοιιιιι,
826 2697 963 2763 Antonio
976 2698 1118 2779 Fuggero
1134 2695 1234 2762 nubili
1246 2693 1328 2761 Ger·

218 2816 314 2863 mano
339 2794 464 2863 dicarit.
513 2799 547 2862 in
567 2818 628 2884 qun
646 2812 805 2885 postremo
825 2800 870 2863 sic
889 2801 1025 2884 loquitur
1044 2796 1168 2861 “fateor
1181 2794 1328 2881 equidem

219 2899 262 2967 ad
287 2896 447 2965 Zonaram
472 2897 714 2966 convertendum
739 2900 886 2989 praemiis
912 2918 933 2961 a
958 2911 991 2963 te
1012 2897 1198 2985 propositis,
1225 2917 1328 2983 eoque
1449 2968 1456 2977 ,

217 3014 360 3091 tempore
378 3003 631 3092 peropportonie,
656 3002 748 3067 initio
761 3002 930 3067 excitatum
940 3021 993 3065 me
1005 2999 1219 3097 fuismpotius
1232 3020 1328 3085 quem
1465 3037 1466 3046 ι

218 3120 344 3196 meapte
363 3108 523 3173 voluntate
542 3105 726 3171 accessism
751 3126 817 3169 non
834 3116 902 3169 tam
914 3106 1057 3169 laborum
1068 3114 1101 3168 et
1112 3104 1328 3169 molestiarum

218 3206 310 3292 fuge,
335 3210 447 3299 quibus
468 3210 514 3273 ita
534 3222 602 3274 tum
622 3230 746 3295 quoque
764 3225 965 3273 assueveram
984 3218 1019 3271 ut
1036 3206 1153 3288 ignno
1166 3208 1233 3273 otio
1245 3208 1327 3271 nihil

219 3315 300 3378 mihi
320 3325 404 3379 esset
422 3314 601 3394 molestius,
626 3332 720 3399 quarn
739 3310 871 3401 privatis
889 3312 970 3377 mais
983 3309 1112 3391 studiis,
1137 3330 1167 3375 ιι
1156 3307 1255 3397 quid
1268 3308 1326 3376 da-
1465 3339 1466 3352 ι

220 3429 304 3482 retur
326 3417 396 3498 otii,
424 3414 562 3496 iuuandi,
588 3427 619 3479 at
641 3413 819 3481 diuturnam
840 3416 931 3502 quasi
950 3415 1039 3481 sitim
1058 3412 1167 3480 variae
1181 3412 1326 3487 lectionis
1465 3457 1466 3508 q

217 3518 431 3601 'restinguendi
448 3516 651 3607 cupiditate?
703 3538 775 3584 curn
793 3540 870 3584 rero
890 3517 935 3587 da
948 3518 1161 3600 Fuggerorum
1171 3517 1326 3601 nobilium

219 3623 335 3704 insigni
355 3623 536 3687 liberalitate
556 3643 592 3688 sc
612 3621 846 3687 munificentia'
834 3645 869 3686 ιιι
882 3620 1027 3687 eruendis
1041 3621 1105 3685 alr
1094 3620 1220 3685 interitu
1233 3620 1326 3685 bonis

218 3726 305 3791 libris
331 3724 419 3790 idem
442 3730 509 3791 fere
534 3724 690 3817 praedicet
710 3724 894 3793 Guillelmus
912 3724 1093 3811 Xylander,
1117 3722 1326 3812 praemiisque

219 3828 339 3895 illectos
362 3829 402 3893 ab
424 3830 464 3895 iis
486 3850 560 3897 suae
579 3831 690 3895 aetatis
709 3831 797 3897 risos
817 3828 956 3895 eruditos
974 3840 1104 3894 testetur
1120 3827 1174 3911 qui
1188 3822 1326 3891 Greecos

219 3932 383 4021 scriptores
403 3932 516 3997 Latina
535 3944 609 4015 toga
628 3931 780 4001 donarant
796 3930 930 3999 necdum
948 3931 1067 4012 editos,
1088 3923 1227 3997 relinde
1239 3936 1327 4014 patet

217 4046 348 4123 quantas
370 4033 482 4101 debeat
502 4037 617 4121 ςιιιίιι
636 4058 686 4103 ιιι
706 4038 854 4104 litteraria
865 4037 943 4105 viris
955 4032 1162 4127 principibus,
1184 4028 1239 4116 qui
1250 4051 1326 4120 pro-
1358 4078 1366 4087 .
1465 4069 1466 4074 κ

286 4248 324 4321 1)
357 4238 703 4335 Rutilinslinnsdlim
744 4295 748 4305 .
790 4206 816 4301 .“
