2950 4800
605 245 869 318 nmmo.-
1218 267 1281 316 xm

175 427 289 508 norum
301 437 523 528 imperatorum
535 435 647 520 gestis,
669 437 837 503 lusionibus
848 439 929 503 forte
941 431 1034 502 editis
1049 433 1281 502 menter&

176 544 292 614 venari
305 544 368 608 sint
379 543 590 632 Theophanes
604 538 765 608 Gedrenus
777 542 926 625 Scylitaes
938 553 970 606 et
980 542 1100 627 aliquot
1110 541 1182 620 alii,
1202 561 1281 606 aaa·

178 659 238 714 stat
259 645 294 712 id
314 644 459 712 Zonarae
479 647 513 709 in
533 647 643 734 primis
663 645 830 710 consiliunt
847 645 962 724 fuisse,
985 655 1019 708 ut
1030 667 1095 710 son
1106 643 1280 734 plenium

174 747 441 838 quemadmodum
451 750 475 814 ii
486 749 663 830 historiam,
677 746 735 814 sed
747 747 985 815 contractiorem
995 759 1086 832 atque
1098 747 1179 812 adeo
1191 767 1282 814 com-

172 853 326 942 pendium
345 853 564 933 conscriberet,
588 854 621 916 in
643 873 704 938 quo
724 852 891 932 singularia
909 869 1051 936 quaeque
1063 863 1095 914 et
1106 869 1185 937 quae
1196 849 1232 914 in
1242 869 1280 916 ra

172 957 322 1022 historica
334 957 490 1046 praecipui
501 953 679 1020 riderentur
690 955 839 1044 ponderis
851 954 1081 1042 perstringeret.
1114 975 1156 1018 ex
1167 955 1280 1039 quibua

175 1061 266 1124 facile
286 1059 411 1125 diluitur
431 1057 516 1146 quod
533 1062 579 1124 ait
598 1057 755 1126 Gerardus
771 1058 923 1138 Vossius,
943 1068 1012 1120 tum
1024 1059 1059 1120 in
1073 1077 1114 1121 eo
1127 1057 1280 1122 maiam

177 1184 277 1227 curam
297 1175 330 1228 et
349 1161 534 1228 industriam
556 1160 742 1242 desiderari,
761 1173 829 1227 tum
842 1162 939 1228 etiam
950 1161 1091 1226 namne
1100 1156 1283 1226 mirandam

173 1287 259 1348 esse,
280 1267 384 1332 rtrum
396 1287 495 1353 usqne
506 1263 586 1332 adeo
601 1267 815 1355 experientem
823 1264 861 1328 in
872 1263 923 1328 sui
934 1264 1084 1350 temporie
1094 1262 1283 1350 praesertin

170 1372 265 1434 rebus
278 1373 425 1458 pleraque
437 1371 645 1458 perfunctorie
655 1381 780 1433 tantum
792 1366 911 1444 dicere,
924 1367 1099 1431 musas
1106 1385 1280 1452 magnaque

168 1473 212 1536 iis
235 1474 428 1561 temporibus
448 1484 536 1554 gesta
555 1481 646 1551 sunt,
672 1469 816 1536 orientali
828 1464 1178 1534 orbesumoocidentali
1190 1467 1281 1553 qussi

168 1587 386 1640 concurrente:
412 1573 495 1638 adeo
514 1584 549 1636 ut
566 1593 666 1662 pauca
685 1573 748 1638 sint
765 1572 875 1659 quibua
893 1569 997 1636 alexii
1015 1571 1115 1636 vitam
1128 1571 1281 1658 perstrin-

165 1678 265 1742 xerit.
316 1676 366 1758 id,
396 1677 540 1762 inquam,
569 1674 652 1739 baud
674 1695 767 1756 aegre
787 1674 936 1739 refellitur
955 1697 999 1740 ex
1020 1674 1155 1740 auetosis
1176 1674 1279 1761 ipsi-

166 1781 340 1844 Annalium
352 1781 512 1859 lemmate,
528 1779 580 1844 vel
592 1799 634 1844 ex
645 1778 746 1867 ipsius
756 1777 964 1865 praelatione,
978 1779 1014 1842 in
1026 1799 1086 1865 qua
1098 1799 1163 1842 non
1173 1777 1278 1844 histo-

163 1883 253 1948 riam
275 1879 331 1946 sed
351 1881 498 1945 historiae
516 1879 735 1970 compendium
749 1880 883 1946 ecribm
895 1903 932 1946 se
944 1882 1121 1970 prolitelar3
1140 1881 1187 1946 ile
1199 1890 1235 1944 ut
1246 1880 1279 1946 si

164 1983 331 2074 prolixiori
343 1983 391 2048 rnl
404 1984 553 2072 temporis
565 2005 616 2049 res
628 1984 741 2050 luisset
748 1996 927 2073 persecutas
934 1985 1127 2064 oneratione,
1139 1985 1277 2072 primam

167 2085 326 2175 scriptoria
346 2085 485 2152 officium
503 2087 635 2152 minime
654 2089 840 2154 observasse
859 2085 1028 2155 dicmenm
1058 2109 1146 2167 cam,
1173 2099 1210 2152 nt
1231 2087 1279 2152 ait

166 2189 284 2256 Plinius
305 2191 397 2271 alter,
422 2191 544 2256 titulum
561 2209 653 2257 snum
666 2193 769 2274 legere
782 2189 912 2275 debeat,
933 2205 1027 2279 atque
1038 2187 1213 2256 identidem
1223 2189 1278 2256 in-

168 2303 324 2374 terrogare
342 2313 380 2358 se
397 2291 473 2380 quid
487 2294 623 2384 coeperit
634 2296 782 2376 scrihere,
802 2297 941 2383 scireque
954 2297 984 2360 si
996 2293 1146 2360 materiae
1157 2293 1279 2360 immo-

168 2410 251 2462 ratur
269 2420 334 2463 non
355 2418 426 2462 esse
446 2400 590 2482 longum,
608 2402 826 2483 longissimum
846 2401 876 2465 si
894 2399 1013 2488 aliquid
1034 2399 1163 2465 mcessit
1182 2411 1280 2486 atque

173 2500 303 2565 amhae
353 2500 446 2587 atque
458 2522 501 2567 ex
511 2504 606 2568 hacce
617 2504 758 2569 riromm
770 2501 964 2569 eruditorum
974 2504 1063 2568 raaia
1076 2502 1117 2567 de
1130 2503 1278 2567 zormu

173 2602 335 2667 Annah‘hns
356 2604 510 2669 sententia
529 2616 616 2694 patet
635 2626 730 2692 qnam
742 2608 879 2669 inlausta
892 2606 934 2669 sit
946 2624 1056 2669 eornm
1068 2624 1137 2669 sora
1149 2604 1205 2689 qui
1217 2602 1279 2673 ahi·

171 2703 245 2791 qnid
257 2706 389 2771 scribere
403 2706 635 2789 aggrediuntur,
654 2728 725 2773 cum
738 2708 902 2794 quibusvis
914 2709 1028 2773 sciere
1041 2707 1157 2795 iniquia
1169 2704 1278 2773 bomi-

168 2830 243 2874 num
255 2808 380 2873 iudiciis
394 2821 426 2874 et
439 2828 588 2876 censurae
598 2812 716 2893 ingenii
726 2812 830 2876 foetus
841 2822 1014 2902 exponunt.

268 2910 434 2977 Geeterum
445 2915 477 2977 in
489 2914 654 2979 Annalim
664 2914 794 2981 decursu
803 2919 1000 2983 occasionem
1007 2912 1164 2981 interdum
1171 2926 1280 3003 captat

166 3014 307 3079 Zonaras
329 3013 518 3082 Gramorcm
538 3037 615 3082 suae
633 3022 745 3083 aetatis
764 3040 870 3085 mores
887 3018 1070 3100 rdbcandi,
1091 3020 1190 3085 veluti
1202 3040 1277 3087 m

164 3119 305 3183 virorum
324 3120 601 3186 ecclesiastieorum
620 3123 789 3187 simoniam
806 3124 920 3212 carpit,
944 3134 1086 3189 comatos
1105 3133 1138 3186 et
1155 3122 1279 3189 eludu-

164 3232 257 3285 nstoe
278 3223 433 3311 palatinos
455 3216 699 3311 perstringitl),
724 3237 757 3289 et
779 3226 1000 3315 imperatores,
1026 3222 1111 3312 quod
1129 3224 1281 3295 abdicato

163 3325 267 3413 patrio
284 3326 401 3390 vestitu
417 3328 608 3391 herharicmn
623 3330 877 3415 amplecterentur
889 3321 940 3412 ²).
982 3326 1126 3417 'denique
1139 3330 1174 3395 in
1184 3330 1279 3417 ipson

163 3424 266 3491 adhuc
278 3428 483 3509 Angustosac
493 3449 602 3495 conum
612 3432 646 3495 in
660 3434 754 3496 rebus
763 3431 1016 3500 administrandis
1025 3432 1277 3522 publicistyras·

162 3526 274 3595 nidem
294 3532 419 3613 merlus
438 3534 606 3601 invehitur.
656 3556 730 3599 nam
744 3536 934 3603 utValetrtis
945 3536 1159 3601 mathematici
1171 3526 1210 3621 Ι)
1232 3535 1275 3602 de

161 3634 249 3699 urbia
264 3632 289 3699 (i
311 3636 445 3702 olitanae
458 3636 620 3703 duratione
633 3625 752 3703 editum
765 3640 823 3706 sub
837 3640 1040 3706 Constantino
1054 3640 1171 3720 Magno
1182 3652 1277 3705 nam
1299 3704 1304 3713 .

160 3738 271 3803 liciam
338 3760 388 3804 ma
404 3739 639 3827 quodammodo
651 3752 790 3824 tueatur,
815 3765 857 3808 ne
870 3746 1000 3811 omnino
1012 3746 1128 3809 mum
1139 3758 1275 3835 putetur,

164 3860 258 3927 quarn
280 3862 380 3908 annos
402 3846 467 3909 696
487 3843 664 3910 duraturam
683 3846 896 3935 praedixerat,
920 3850 987 3913 ism
1007 3847 1086 3914 olim
1104 3870 1175 3912 cnm
1194 3848 1273 3913 scri-

164 3944 256 4009 bebat
266 3944 408 4012 Zonaras
418 3949 560 4039 elapsos,
572 3946 679 4027 subdit
691 3953 867 4019 autlalsam
878 3950 1119 4021 maurulum
1126 3950 1273 4042 Valentis

162 4080 372 4099 ψ

234 4140 251 4196 ι
290 4142 534 4205 mansere.
596 4099 607 4108 '¹

234 4210 253 4265 2
303 4214 550 4274 heteraenus.
643 4274 648 4287 ,
