2950 4800
550 261 800 336 PRAEFATIO.
1143 289 1229 341 mr

123 454 232 545 sophis
253 475 317 519 non
339 449 473 520 minima
494 463 543 520 eat
562 451 703 520 studium
723 451 897 543 iaqumu
915 453 985 523 vari
1005 465 1039 521 et
1058 454 1231 524 moderan-

122 560 231 624 darum
244 556 461 646 cupiditatum,
482 569 517 621 ut
529 559 609 622 intra
624 571 752 624 nabutte
765 562 985 648 premeriptun
999 562 1230 648 mbemeannn,

122 662 294 748 eodemque
307 683 365 750 pro
380 681 436 727 sua
450 663 534 726 virili
546 660 737 750 producendi
753 666 1019 751 quamplurimos.
1067 668 1228 752 portulam

121 780 222 830 autem
243 779 280 830 ut
297 767 324 829 ii
345 787 414 831 sese
433 769 513 830 infra
534 787 645 832 omnes
661 767 789 832 infimos
804 769 949 833 homines
962 768 1123 850 obiiciant,
1145 783 1178 834 et
1191 771 1226 836 in

122 873 268 934 extremis
288 869 432 935 sordibus
453 868 639 954 cynicorum
655 891 744 935 more
760 873 883 951 vivant,
906 871 1055 935 immanis
1068 884 1116 936 est
1127 873 1226 938 insci·

120 974 180 1038 tiae
193 987 287 1060 atque
300 975 472 1061 superbiae.
521 971 579 1038 aed
594 973 634 1038 ad
647 975 811 1039 historiam
823 972 938 1054 nedem
959 996 1039 1061 quae
1053 997 1123 1038 cum
1135 997 1221 1043 cras·

122 1079 185 1142 aior
197 1076 350 1165 quaedam
362 1078 562 1165 philosophia
576 1079 632 1158 sit,
659 1091 690 1142 et
704 1080 857 1166 exemplis
871 1078 974 1166 potius
987 1099 1082 1163 qoam
1095 1081 1227 1143 rationi·

122 1182 177 1245 hus
195 1182 294 1245 vitam
316 1181 441 1246 civilem
459 1203 494 1243 ac
509 1182 666 1268 priuatam
685 1183 841 1263 instituat,
867 1203 930 1245 non
946 1181 1073 1244 dubium
1088 1195 1137 1246 est
1152 1184 1227 1268 quin

120 1305 263 1366 magnam
286 1285 401 1348 haheat
423 1284 587 1350 utilitatem
608 1307 680 1348 cum
700 1306 823 1348 summa
845 1285 998 1350 suavitate
1020 1287 1228 1352 coniunctam

119 1390 151 1451 in
173 1409 234 1475 qun
258 1409 339 1474 quae
361 1389 525 1476 praecipue
545 1386 741 1454 obsemnda
761 1391 839 1468 aiot,
859 1386 1027 1475 prudenter
1045 1389 1152 1452 Livius
1172 1391 1224 1456 his

120 1493 220 1556 verbis
243 1503 352 1556 monet
367 1486 431 1555 “ad
450 1492 504 1555 ittr
522 1491 602 1554 mihi
616 1513 673 1578 pro
687 1511 722 1555 se
736 1494 866 1577 quisque
879 1491 989 1554 acriter
1000 1488 1142 1554 intendat
1155 1494 1226 1556 arri·

119 1616 219 1675 mum,
246 1616 326 1682 quae
342 1595 424 1674 uita,
450 1595 505 1680 qui
517 1615 623 1659 mores
638 1595 765 1674 luerint,
790 1617 848 1681 per
860 1613 939 1680 quoa
955 1596 1039 1658 virm
1052 1595 1226 1682 quibusque

120 1701 232 1762 artihus
260 1697 348 1762 domi
372 1697 564 1784 militiaeque
587 1709 619 1761 et
640 1709 764 1784 partum
786 1710 819 1762 et
840 1711 964 1761 auctum
983 1698 1150 1785 imperium
1171 1700 1225 1764 sit.

118 1803 237 1866 labente
263 1797 377 1865 deioda
404 1801 555 1890 paulatim
581 1799 762 1889 disciplina,
791 1803 878 1866 relat
905 1799 1094 1867 dissidentes
1119 1803 1223 1890 primo

118 1926 220 1970 mores
242 1917 385 1991 sequatur
405 1905 526 1985 animo,
557 1903 672 1968 deinde
694 1915 726 1966 ut
745 1905 846 1986 magis
865 1905 1027 1990 magisque
1046 1907 1128 1993 lapsi
1148 1907 1223 1986 sint,

119 2021 178 2072 turn
199 2008 247 2072 ire
269 2007 426 2095 coeperint
445 2008 647 2096 praecipites,
670 2005 770 2072 donec
785 2006 825 2071 ad
839 2009 917 2071 haec
930 2021 1088 2095 tempora,
1110 2011 1223 2095 quihus

118 2133 169 2175 nec
185 2113 264 2176 vitia
285 2123 391 2174 nostra
405 2131 462 2174 nec
475 2111 614 2176 remedia
628 2113 693 2196 pati
706 2131 891 2198 possumus,
912 2125 1041 2176 rentum
1054 2123 1112 2175 est.
1162 2114 1223 2178 boc

118 2213 184 2279 illud
205 2227 257 2279 est
278 2213 442 2301 praecipue
460 2215 493 2278 in
514 2216 691 2296 cognitione
712 2237 816 2279 rerum
835 2215 957 2279 salubre
976 2235 1013 2277 sc
1031 2215 1222 2298 bugilcrum,

120 2320 215 2382 ornnis
237 2329 268 2381 te
288 2319 425 2407 exempli
445 2315 630 2382 documenta
644 2320 683 2382 in
703 2320 814 2384 illustri
826 2317 936 2407 'posita
956 2319 1152 2384 monimento
1168 2319 1241 2411 ing

119 2424 207 2487 tueri:
231 2420 308 2487 inde
324 2423 384 2486 tibi
404 2433 535 2509 tuaeque
552 2425 599 2488 rei
617 2424 759 2509 publicae
772 2421 855 2509 quod
869 2424 992 2487 imitere
1005 2425 1127 2509 capies,
1145 2420 1221 2489 inde

119 2524 238 2589 foedum
262 2525 403 2614 inceptu,
427 2526 557 2591 foedum
580 2528 684 2605 exitu,
710 2526 794 2611 quod
820 2524 935 2590 vitesfl'
988 2526 1138 2588 hacteuus
1157 2527 1222 2589 ille.

121 2628 174 2693 red
187 2643 215 2692 et
228 2620 352 2707 Cicero,
378 2626 690 2718 praeterquamquod
705 2631 750 2691 ait
770 2624 914 2691 “nesciie
930 2625 1004 2711 quid
1022 2638 1112 2689 antea
1127 2648 1222 2713 quam

120 2745 203 2796 uatus
217 2734 260 2798 sis
275 2728 437 2812 acciderit,
463 2731 497 2797 id
511 2745 561 2797 est
573 2752 698 2818 semper
711 2749 782 2795 esse
795 2726 968 2818 puerum,''
993 2730 1117 2816 maguis
1130 2741 1222 2797 omat

117 2836 256 2901 laudibus
280 2836 462 2915 historiam,
491 2856 561 2899 curu
585 2847 699 2899 testem
725 2847 916 2922 temporum,
944 2835 1045 2898 lucem
1069 2835 1221 2916 veritatis,

104 2942 211 3005 sitam
222 2940 412 3019 memoriae,
431 2942 612 3021 magistram
625 2942 726 3019 vitae,
745 2940 887 3004 nuntiam
899 2940 1063 3003 vetustatis
1076 2941 1221 3027 appellat.

119 3066 192 3129 quae
214 3066 287 3108 cum
306 3063 380 3109 veru
395 3064 464 3109 esse
479 3066 541 3110 nou
555 3064 666 3125 negem
688 3046 807 3129 (neque
821 3044 907 3107 enim
921 3041 1115 3128 quorundam
1128 3046 1220 3109 labu-

117 3148 179 3213 loss
205 3160 382 3214 commenta
407 3166 475 3211 rem
499 3149 602 3235 ipsam
626 3168 823 3234 corrumpere
846 3146 1013 3234 possunt),
1040 3157 1163 3227 tamen,
1190 3148 1219 3212 si

115 3252 251 3317 maxima
265 3274 307 3317 ex
316 3262 404 3339 parte
416 3252 557 3316 omnium
570 3263 706 3315 aetatum
719 3251 865 3328 consilia,
879 3262 963 3330 acts,
978 3261 1109 3313 aventus
1121 3250 1219 3315 aesti-

115 3375 252 3436 memus,
276 3353 352 3442 quid
375 3366 423 3418 est
444 3355 527 3419 aliud
545 3356 674 3419 historie
688 3374 782 3440 quem
794 3355 904 3435 ingens
919 3350 1078 3440 quoddam
1090 3355 1218 3441 pelagus

117 3479 147 3521 ac
166 3461 274 3548 potius
297 3459 490 3541 naufragium
509 3459 687 3523 miserabile
706 3460 860 3521 hnmanae
879 3458 1042 3538 stultitiae,
1064 3458 1219 3545 improbi-

117 3564 181 3628 tatis
201 3576 234 3628 et
253 3562 417 3642 miseriae,
442 3574 475 3627 et
494 3566 651 3649 speculum
666 3564 757 3645 longe
768 3562 917 3626 illustrius
931 3562 1016 3627 vitae
1031 3561 1171 3647 privatae
1185 3573 1217 3626 et

116 3668 269 3751 politicae,
289 3686 384 3753 quam
403 3668 464 3731 ulla
483 3664 647 3731 comoedia
667 3680 720 3729 aut
736 3665 919 3749 tragoedis‘l
970 3684 1050 3751 quae
1069 3664 1216 3746 cogitatio

116 3770 146 3831 in
165 3770 260 3835 huius
282 3770 388 3857 operis
409 3772 637 3835 elucubratione
657 3783 807 3859 pgrpetuo
828 3770 972 3834 sensibus
995 3771 1216 3854 atque·animo
1303 3854 1306 3859 ι

117 3892 183 3939 meo
205 3876 372 3947 obuersata
393 3886 451 3939 est.
501 3875 569 3939 sive
591 3876 675 3937 enim
695 3895 781 3939 sacra
801 3875 870 3937 sire
883 3872 1029 3959 prolana,
1050 3874 1119 3937 siva
1133 3890 1216 3934 nova

116 3976 180 4041 sire
197 3990 305 4043 vetera
325 3988 530 4059 occurrerent,
553 3980 622 4043 sire
636 3978 779 4042 Hebraea
793 3980 861 4041 sive
875 3974 993 4041 Graeca
1007 3985 1217 4051 tractarentur,

115 4084 255 4147 cramben
284 4080 418 4147 eandem
443 4082 559 4170 repeti,
586 4084 771 4147 cantilenam
798 4079 932 4145 eaodem
957 4080 1028 4143 cani
1050 4075 1217 4141 ridebam:

113 4188 218 4250 omnia
231 4190 323 4275 plena
336 4199 515 4267 erratorum,
530 4188 688 4260 scelerum,
702 4184 856 4265 fraudum,
868 4181 1111 4258 mendaciorum,
1125 4200 1218 4267 prae-

111 4288 289 4375 stigiorum,
316 4310 549 4374 aerumnarum,
570 4290 817 4372 dissensionum,
837 4287 995 4367 caedium,
1015 4282 1216 4353 excidiorum.
