2950 4800
211 251 235 296 x
648 221 877 304 ‚Damasu-

209 435 320 504 pmnrn
341 411 526 479 conveniant
545 407 752 494 dereligione
771 408 1047 502 disputationibus,
1066 408 1143 479 dum
1152 411 1229 485 fidei
1238 437 1311 500 my-

209 519 303 584 steria
318 528 476 604 exponunt
489 517 541 580 vel
551 517 697 582 haereses
709 519 865 583 confutare
875 514 1107 598 aggrediuntur,
1122 522 1311 600 argumentis

208 644 228 686 e
245 642 332 686 sacra
352 621 501 707 scriptura
517 624 571 687 vel
585 643 605 686 e
617 623 730 688 sanctis
744 622 881 708 patribus
894 621 1010 708 petitis.
1059 623 1170 707 quibus
1183 623 1311 709 quidem

208 747 249 789 ex
263 725 458 805 chronologis
470 725 587 811 aliquot
598 727 801 806 suggillabant
814 726 867 811 qui
878 745 916 789 ea
926 736 1110 811 tempestate
1122 726 1310 792 inomnium

206 829 351 892 manibus
373 833 589 907 versabantur,
621 839 783 904 auctorem,
797 831 879 893 torte
902 827 1046 899 Chronici
1068 827 1152 915 quod
1171 833 1309 894 Alexan-

208 931 332 996 drinum
344 943 473 1010 vocant,
498 930 666 1012 Georgium
680 929 874 1013 Syncellum,
900 929 1069 1013 Georgium
1082 933 1313 1022 Hamartolum,

206 1031 376 1116 Georgium
396 1033 585 1114 Gedrenum,
611 1035 749 1120 diesque
763 1055 896 1120 quorum
906 1037 1019 1124 scripta
1031 1036 1186 1102 eiusmodi
1199 1059 1310 1126 super-

205 1141 350 1205 vacaneis
364 1138 541 1201 excursibus
554 1139 673 1223 passim
687 1149 815 1204 scatent.

306 1241 424 1305 Verum
445 1241 572 1306 tametsi
583 1239 661 1306 duas
673 1263 723 1306 res
737 1244 918 1323 languorem
929 1243 1039 1304 afferre
1053 1240 1182 1323 animis,
1207 1243 1309 1309 otium

204 1355 237 1408 et
258 1342 474 1421 solitudinem,
504 1341 589 1428 quod
612 1346 715 1416 aiebat
737 1345 874 1426 Tullius,
891 1365 1085 1433 persuasum
1102 1347 1247 1426 baberet,
1275 1357 1308 1421 et

203 1445 285 1536 apud
299 1446 507 1525 Christianos,
525 1467 561 1512 ac
572 1450 743 1515 monachos
755 1449 788 1514 in
801 1449 926 1536 primis,
943 1469 1056 1536 pravas
1068 1451 1138 1514 ilias
1152 1471 1208 1514 seu
1221 1451 1307 1531 cogi-2

202 1551 336 1617 rabones
352 1544 535 1634 (inproprie
547 1552 672 1616 ascetici
684 1554 817 1635 vocant)
831 1574 888 1618 scu
901 1551 1098 1638 cupiditates,
1122 1574 1201 1638 quae
1214 1574 1306 1618 men·

202 1666 266 1717 tem
280 1674 299 1715 a
312 1654 444 1732 negotiis
458 1673 589 1720 vacuam
601 1653 752 1720 invadere
764 1657 866 1719 solent
876 1668 909 1720 at
918 1656 953 1719 in
966 1668 1090 1742 peccata
1102 1658 1169 1720 fere
1182 1678 1306 1743 semper

200 1754 396 1838 demergunt,
423 1777 553 1822 avocare
566 1759 690 1830 unicam
703 1778 798 1844 posse
812 1759 1063 1845 occupationem,
1088 1779 1180 1840 aegre
1199 1771 1306 1824 tamen

201 1841 295 1923 cessit
312 1861 483 1926 amicerum
496 1861 689 1940 hortatibus,
717 1882 787 1929 cum
799 1881 868 1926 rem
881 1882 952 1926 esse
965 1873 1102 1925 cerneret
1116 1883 1195 1948 quaa
1208 1866 1305 1926 libro-

199 1985 284 2043 rum,
310 1965 420 2048 quibus
442 1967 581 2052 carebat,
608 1967 730 2052 copiam
749 1965 930 2050 postularet.
980 1975 1012 2027 at
1031 1966 1175 2029 vellicare
1194 1967 1219 2028 ii
1240 1987 1303 2030 non

197 2067 283 2154 prius
306 2064 488 2142 destiterunt
507 2087 601 2154 quam
613 2068 809 2154 improbitate
824 2065 1006 2133 stimulandi
1018 2065 1059 2129 ad
1073 2067 1305 2156 suscipiendum

197 2191 276 2256 opus
295 2171 503 2256 impulissent.
554 2172 653 2236 victus
666 2171 759 2251 igilur
771 2171 971 2234 familiarium
982 2170 1244 2252 flagitationibus,
1272 2185 1304 2237 et

197 2293 289 2359 supra
310 2274 409 2338 allatis
428 2271 578 2337 adductus
594 2275 782 2353 rationibus,
807 2273 850 2336 ad
865 2276 998 2338 Annales
1014 2273 1252 2339 conscribendos
1265 2296 1302 2338 se

196 2375 347 2457 accinxit,
373 2400 443 2441 cum
461 2376 495 2441 in
513 2377 573 2442 hoc
594 2400 718 2443 secessu
735 2398 847 2458 agens,
870 2380 926 2464 ubi
937 2377 978 2443 ad
990 2376 1184 2443 condendam
1198 2379 1301 2441 histo-

195 2482 277 2542 riam
301 2481 468 2545 necessarii
488 2483 559 2545 libri
579 2504 644 2547 non
667 2493 881 2569 suppeterent,
907 2483 937 2545 si
956 2504 1021 2547 non
1043 2483 1149 2547 omnia
1169 2478 1300 2545 dicenda

195 2585 463 2671 complecteretur,
476 2587 602 2651 veniam
614 2608 633 2649 a
647 2587 780 2669 benigno
791 2588 904 2649 lectore
917 2607 953 2650 se
963 2588 1197 2673 impetraturum
1210 2586 1301 2648 facile

194 2686 256 2749 sibi
277 2687 485 2773 persuaderet.
535 2690 568 2753 in
589 2710 650 2774 qua
664 2691 861 2775 caeteroquin
875 2688 1096 2753 conscribenda
1108 2690 1153 2754 ita
1166 2702 1216 2753 est
1226 2711 1300 2754 ver-

193 2800 296 2867 satus,
321 2802 355 2853 ut
375 2792 540 2877 praecipua
564 2802 595 2853 et
617 2812 698 2877 quae·
717 2794 845 2856 alicuius
865 2792 1042 2858 viderentur
1062 2793 1214 2856 momenti
1234 2813 1299 2854 non
1331 2875 1334 2891 Ι
1461 2879 1462 2886 ¹

193 2893 349 2971 omiserit,
372 2889 491 2977 “eaque
504 2894 538 2957 in
550 2895 710 2981 epitomen
726 2897 861 2977 coegerit
873 2907 959 2959 tanta
973 2896 1142 2975 elegantia,
1163 2895 1250 2957 solus
1264 2905 1299 2957 ut

191 2993 336 3067 videatur
357 3008 515 3060 assecutus
538 2995 620 3083 quod
639 3010 744 3063 contra
757 3022 860 3063 rerum
873 3012 1014 3064 naturam
1027 3008 1091 3076 est,
1113 2998 1249 3063 brevitas
1263 3008 1298 3059 ut

191 3102 320 3162 obscura
335 3121 399 3162 non
414 3098 538 3179 esset3’‘
566 3100 650 3185 quod
665 3099 704 3163 de
718 3104 830 3167 Pontio
842 3104 987 3181 Paulino,
1012 3101 1065 3185 qui
1079 3111 1141 3197 tres
1153 3100 1297 3179 Suetonii

191 3202 288 3266 libros
302 3198 341 3267 de
354 3202 492 3283 Regibus
506 3205 539 3267 in
553 3204 772 3291 compendium
783 3204 957 3286 redegerat,
989 3201 1068 3265 dixit
1081 3202 1235 3267 Ausonius
1250 3195 1296 3289 ¹).

191 3303 319 3391 quidam
341 3307 426 3369 enim
449 3318 533 3385 sunt,
559 3320 593 3371 ut
607 3310 709 3372 aiebat
722 3310 747 3373 F
750 3330 821 3372 oras
836 3307 1077 3385 Grammaticus,
1099 3307 1152 3391 qui
1166 3308 1226 3369 late
1240 3330 1295 3373 co-

189 3408 340 3495 pioseque
362 3412 562 3496 scripserunt,
584 3412 629 3474 ita
651 3424 684 3473 ut
704 3412 858 3500 superflua
871 3408 1025 3475 interdum
1040 3412 1176 3473 ubertate
1189 3432 1295 3473 narra-

189 3512 285 3576 tionis
307 3515 459 3577 memoria
480 3516 647 3593 legentium
667 3515 888 3579 contundatur:
913 3516 967 3578 alii
980 3513 1056 3577 dum
1070 3514 1213 3578 brevitati
1227 3526 1294 3577 stu·

190 3611 282 3693 dent,
304 3614 475 3681 admodum
497 3616 642 3681 diffusam
663 3630 819 3683 coartasse
838 3619 1016 3699 materiam,
1037 3629 1071 3680 ut
1089 3619 1194 3682 sterili·
1206 3637 1293 3680 com-

187 3716 304 3805 pendio
318 3721 397 3783 nibil
411 3718 451 3782 ad
466 3720 617 3803 integram
631 3723 793 3786 scientiam
806 3723 971 3787 lectoribus
984 3724 1153 3787 meterent.
1190 3742 1292 3804 neque

187 3833 293 3888 tamen
307 3823 368 3886 sibi
380 3824 441 3909 ipsi
454 3826 603 3888 satisfecit
615 3828 758 3904 omnino,
782 3846 851 3889 cum
864 3827 974 3914 quibus
987 3824 1026 3888 ad
1042 3827 1145 3914 operis
1160 3821 1242 3909 quod
1257 3824 1290 3885 in

187 3945 298 3990 manus
321 3940 494 4013 sumpserat
512 3930 740 3993 absolutionem
754 3952 880 3994 necesse
892 3943 958 3995 erat
971 3928 1128 3995 codicibus
1142 3946 1291 4015 persaepe

187 4040 316 4111 careret,
347 4052 425 4117 quos
447 4054 518 4098 cum
537 4031 661 4123 saepius
684 4035 871 4121 quaesisset,
900 4035 1034 4130 reperire
1054 4055 1118 4099 non
1137 4040 1290 4120 potuerat,

188 4187 394 4200 uun——

255 4261 293 4331 1)
325 4262 413 4334 apra
431 4261 457 4319 r.
475 4262 552 4332 [ra]
