2950 4800
528 248 776 326 mamutio.
1132 281 1207 328 xasa

95 449 218 542 positis
237 444 365 514 subinde
383 445 508 512 coronis
525 445 682 534 publicem
698 445 861 510 utilitatem
874 445 935 512 sibi
947 443 1118 514 iuvandam
1131 471 1207 538 pro-

95 565 237 645 ponunt,
263 564 294 616 et
315 551 418 616 Musis
439 571 502 614 nou
524 569 648 637 semper
667 549 839 637 opulentis,
863 551 961 616 immo
983 573 1134 641 persaepe
1154 553 1207 616 in-

97 660 229 746 opibus,
254 676 385 719 manum
397 655 477 718 ultro
490 654 658 740 porrigunt.
708 673 811 738 neque
824 654 908 716 enim
921 657 1010 718 lateri
1024 653 1208 738 dedignatur

96 763 234 850 ipsemet
251 759 409 837 Wolfius,
435 753 584 843 quidquid
606 757 756 820 hactenus
775 753 932 837 ediderat,
957 755 992 820 id
1012 760 1065 824 rel
1086 760 1209 848 publica

95 865 233 937 utilitate
251 865 305 929 rel
324 860 512 948 temporibus
530 859 595 924 suis
609 857 776 924 adductam
788 859 918 939 iecisse,
943 881 1002 923 nec
1014 872 1080 926 tam
1091 866 1208 926 lamam

98 979 243 1055 captasse
262 985 356 1051 quam
375 967 493 1028 lamem
509 963 639 1028 vitasse.
688 959 746 1027 sed
760 973 792 1026 et
802 954 1016 1046 Xylender1)
1037 960 1135 1028 “me''
1158 966 1209 1028 in-

101 1071 190 1156 quit,
204 1063 264 1132 “ne
278 1067 352 1155 quid
367 1065 576 1147 dissimulem,
590 1077 771 1154 paupertas,
784 1077 819 1129 ut
830 1066 883 1130 ille
896 1067 956 1148 eil,
969 1067 1096 1154 impulit
1106 1065 1211 1132 audax

104 1183 144 1235 ut
161 1173 252 1236 libros
270 1168 440 1236 lacerem.”
493 1191 586 1256 quem
605 1167 734 1256 quidem
752 1168 907 1233 dicentem
925 1168 1085 1236 audivisse
1104 1171 1211 1237 scribit

101 1273 235 1340 loannes
256 1275 462 1340 Leunclavius
474 1263 531 1356 ²),
556 1273 801 1336 lucubrationem
821 1270 972 1336 Dioniam
995 1285 1027 1334 et
1047 1271 1124 1338 alias
1144 1297 1210 1340 non

99 1399 120 1441 a
143 1381 228 1440 lama
248 1377 305 1444 sed
325 1380 412 1442 lame
434 1377 496 1440 sibi
516 1378 633 1462 pariter
654 1385 793 1438 extortas
813 1393 850 1436 ec
868 1373 1083 1462 praecipitatas
1103 1378 1210 1442 luisse.

98 1503 204 1567 neque
222 1493 402 1547 nostrorum
421 1481 615 1544 saeculorum
633 1479 730 1542 istaec
749 1487 797 1540 est
813 1474 962 1540 duntaxat
979 1479 1118 1563 querela,
1141 1501 1212 1544 cum

98 1587 242 1667 legamus
262 1575 299 1667 ³)
327 1583 473 1648 Plautum
498 1591 625 1667 propter
649 1599 790 1644 annosae
815 1577 1029 1645 difficultatem
1048 1579 1091 1646 ed
1108 1585 1211 1648 molas

96 1687 282 1752 manuarias
310 1686 462 1772 pistorem
487 1702 522 1746 se
545 1683 677 1762 locasse,
702 1682 808 1768 ibique
832 1685 953 1769 quoties
974 1685 1013 1747 ab
1034 1707 1128 1772 opero
1151 1707 1210 1752 va-

97 1801 225 1867 casset,
257 1789 392 1851 scribere
412 1787 528 1848 iebulas
548 1786 674 1848 solitum
696 1797 727 1848 et
745 1784 900 1863 venderes
933 1786 1092 1873 quomodo
1114 1790 1210 1854 etiam

96 1893 277 1959 Pacuvium
296 1879 523 1954 Brundusinam
540 1886 768 1968 tragoediarum
781 1891 962 1977 scriptorem
974 1889 1097 1955 llomae
1109 1893 1211 1982 pictu-

98 2017 169 2060 ram
181 1994 360 2058 exercuisse
373 2012 409 2054 ac
421 1992 539 2054 labulas
553 1989 733 2056 vendidisse
744 1995 857 2058 ierunt.
895 1991 952 2056 sed
965 1995 1210 2075 ethelendam,
1265 2019 1270 2029 ·

100 2101 206 2166 virum
226 2096 369 2161 omnium
390 2115 447 2158 suo
468 2105 607 2180 tempore
627 2091 888 2175 eruditissimum,
916 2093 995 2160 adeo
1014 2097 1048 2160 in
1067 2099 1127 2160 hac
1145 2100 1212 2162 rita

100 2220 271 2292 pauperem
299 2199 414 2278 iuisso,
447 2208 481 2260 at
508 2199 689 2284 plerumque
714 2198 811 2263 etism
833 2199 1017 2264 necessariis
1036 2199 1212 2284 indiguerit,

102 2304 209 2368 scribit
226 2301 390 2366 Eusebius.
441 2299 575 2365 inlausta
596 2302 724 2366 omnino
743 2303 949 2366 litteratorum
969 2302 1129 2384 condicio,
1158 2305 1213 2390 qui

104 2429 146 2472 ne
169 2427 283 2495 panem
310 2400 521 2487 emendicent,
553 2406 650 2469 libros
675 2406 825 2469 conficere
850 2418 1009 2487 coguntur.
1061 2406 1212 2472 debemus

111 2510 201 2589 igitar
216 2510 383 2573 illustribus
401 2506 428 2570 F
430 2508 566 2589 aggeris,
593 2504 677 2593 quod
698 2508 824 2572 illorum
843 2528 915 2569 cura
934 2520 967 2571 et
985 2512 1160 2596 sumptibus
1179 2507 1212 2572 in

108 2611 265 2699 publicum
275 2609 446 2699 prodierint
458 2608 586 2674 Ioannis
600 2610 763 2689 zonarae,
779 2608 909 2689 Georgii
921 2606 1070 2691 Gedrani,
1086 2610 1215 2676 Nicetae

106 2712 282 2779 Acominati
307 2726 338 2777 et
364 2712 535 2799 Nicephori
560 2709 717 2794 Gregorae
744 2712 910 2793 bistoriae,
944 2724 977 2777 et
1003 2711 1087 2798 quod
1110 2736 1214 2781 rerum

104 2816 352 2903 Bypenlinarum
383 2816 471 2879 hisce
497 2812 686 2881 editionibus
712 2828 837 2898 gustum
862 2816 956 2904 primi
982 2816 1213 2903 quodammodo

105 2920 284 3008 inspirarint
305 2922 474 2985 litterarum
494 2916 655 2984 studiosis.
705 2918 763 2985 sed
782 2943 847 2985 non
865 2921 970 2985 minus
991 2921 1138 2986 obstricta
1155 2924 1215 2987 erit

108 3022 226 3089 erudita
253 3024 419 3112 posteritas
443 3021 566 3102 Regum
590 3036 767 3088 nostrorum
791 3024 1038 3101 munificentiae,
1070 3026 1124 3110 qui
1150 3046 1215 3089 uon

37 3200 39 3209 ζ
106 3128 256 3193 hactenus
275 3125 371 3192 modo
391 3126 562 3214 publicatos
580 3127 802 3213 imperatorum
816 3125 1050 3211 cpolitanorum
1064 3126 1215 3192 historiae

38 3246 41 3327 l
108 3232 291 3320 scriptores,
317 3226 372 3295 aed
393 3240 424 3293 et
444 3248 546 3293 novos
565 3248 601 3291 ac
621 3250 639 3293 e
658 3230 875 3317 manuscriptis
888 3228 1046 3294 codicibus
1059 3251 1101 3293 ex
1113 3228 1215 3311 Regia

106 3354 142 3398 ac
177 3334 323 3423 locupleti
355 3352 481 3419 prorsus
507 3331 692 3397 bibliotheca
710 3331 918 3419 depromptos
942 3333 1108 3414 magnilica
1133 3332 1215 3398 adeo

107 3450 199 3525 atque
224 3432 388 3524 splendido
414 3446 561 3523 apparatu
584 3434 634 3499 edi
656 3435 796 3522 quotidie
815 3438 939 3514 volunt,
963 3437 1042 3502 siris
1062 3433 1163 3501 doctis
1180 3450 1215 3501 ut

107 3542 141 3604 in
165 3540 254 3605 idem
280 3538 443 3604 confilium
470 3558 531 3601 nna
560 3541 752 3627 conspirent,
777 3553 901 3625 'suaque
923 3542 1082 3604 conferant
1102 3536 1214 3620 studia,

109 3642 207 3727 Regia
229 3644 440 3731 praemiorum
459 3639 603 3705 mercede
622 3642 762 3709 inritatis
782 3663 819 3705 ac
836 3641 958 3707 illectis.

209 3744 380 3811 Enimvero
408 3756 442 3807 ut
469 3744 608 3811 Wolfius
635 3746 668 3809 in
693 3744 853 3810 vertendis
879 3746 1023 3809 Zonarae
1046 3744 1215 3807 Annalibus

110 3861 249 3917 versatus
276 3850 383 3929 luerit,
415 3867 554 3934 quaeque
579 3848 751 3916 observarit
775 3861 890 3937 quotve
913 3846 1070 3913 codicibus
1093 3848 1215 3935 scriptis

176 4112 196 4237 l
252 4106 597 4264 titiliallllll...

178 4252 217 4321 3)
253 4246 352 4304 unet.
368 4250 396 4303 iu
413 4248 533 4307 cantu.
550 4248 578 4303 1.

61 4375 64 4386 ·
148 4334 281 4417 habrae
298 4358 426 4415 Amalec.
