2950 4800
182 171 331 288 ‘mm
533 215 736 288 noeman
759 217 1008 288 rmnarrru

219 408 264 471 ita
285 417 390 472 tamen
412 419 446 470 ut
465 407 605 473 Zonaras
627 429 701 474 suos
723 409 863 474 emiserit
875 419 948 474 ante
958 407 1196 488 Balsamonem,
1220 399 1334 496 aquo'

219 533 283 578 non
305 512 402 578 semel
422 523 455 574 et
475 533 546 575 cum
565 513 667 594 elogio
688 513 717 576 is
737 510 888 578 laudetur.
938 514 1111 599 exquibus
1126 515 1237 578 saltem
1250 515 1322 578 licet

220 615 378 694 colligere,
399 616 457 678 sub
470 613 615 710 Manuele
628 615 747 678 vixisse
759 615 917 679 Zonaram
929 627 1022 701 atque
1033 615 1114 680 adeo
1126 616 1230 704 ipsum
1242 615 1322 700 Gly-

219 737 303 796 cam,
324 718 353 780 si
375 715 500 802 quidem
520 719 603 782 iltius
623 730 694 781 sunt
711 717 870 804 Epistulae
890 716 930 781 de
949 720 1060 804 quibus
1080 721 1216 800 agimus:
1236 718 1321 804 quod

219 831 301 886 certe
322 819 451 886 suadere
473 820 597 886 videtur
618 822 793 906 scriptionis
813 841 874 906 qua
890 822 925 884 in
942 823 1111 885 Annalibus
1124 824 1218 886 utitur
1229 824 1322 902 ratio,

218 924 273 986 uhi
297 943 400 988 sacrae
418 923 591 1010 Scripturas
610 925 715 1010 potius
737 943 830 1008 quam
849 923 1049 990 illustrandae
1067 926 1218 991 historiae
1236 936 1323 990 totus

218 1025 376 1092 incumbit.
413 1027 486 1112 quin
500 1028 595 1092 etiam
607 1026 642 1089 iu
655 1027 697 1091 iis
710 1039 907 1092 astronomos
919 1029 1016 1115 carpit
1026 1040 1058 1092 et
1069 1028 1141 1093 illos
1154 1030 1209 1114 qui
1220 1041 1323 1092 astro-

216 1150 287 1194 rum
311 1130 525 1194 alt'ectinnibus
548 1127 698 1217 quidquid
717 1130 753 1194 in
773 1140 853 1194 terra
868 1132 969 1212 agitur
981 1130 1173 1210 adscribunt,
1191 1129 1272 1195 adeo
1285 1142 1323 1195 ut

216 1231 290 1308 τοὺς
313 1231 370 1315 μὲν
391 1228 524 1316 πόρνους
543 1233 616 1310 τοὺς
638 1233 672 1298 δὲ
693 1231 822 1315 μοιχοὺς
838 1234 889 1298 καὶ
904 1231 1018 1311 ἄλλους
1033 1230 1124 1299 πάλιν
1140 1235 1253 1321 φονίας
1269 1235 1322 1299 ael

216 1333 359 1421 ἅρπαγας
374 1335 508 1404 eiliciaut
522 1325 575 1419 ¹),
601 1334 684 1422 quod
702 1349 732 1400 et
748 1338 852 1424 ipsum
864 1335 980 1402 iisdem
993 1339 1092 1402 terme
1104 1339 1208 1402 verbis
1222 1337 1323 1401 babe-

214 1449 266 1502 tur
287 1439 321 1502 in
341 1438 595 1528 Antapologetico
618 1441 704 1504 cuius
727 1460 820 1526 supra
842 1441 1061 1510 meminimus:
1085 1443 1159 1503 licet
1178 1444 1322 1519 fateatur,

215 1553 251 1604 ut
272 1553 304 1606 et
324 1554 431 1604 auctor
451 1541 710 1627 Antapologetici,
730 1545 827 1606 multe
847 1565 890 1608 ex
909 1542 1047 1609 siderum
1061 1544 1275 1610 affectionibus
1290 1554 1323 1608 et

217 1646 314 1724 signis
342 1644 524 1720 caelestibus
538 1641 587 1706 id
613 1641 695 1728 quod
718 1647 855 1710 futurum
878 1647 920 1710 sit
941 1667 1001 1712 nos
1022 1669 1118 1734 posse
1140 1647 1322 1711 coniectare.

215 1767 258 1811 ex
272 1747 381 1832 quibus
396 1767 458 1810 non
472 1746 600 1810 omnino
615 1756 720 1808 tamen
734 1747 892 1811 conficitur
904 1747 1091 1814 Michaelem
1105 1747 1236 1833 Glycam
1249 1769 1321 1814 esse

215 1861 372 1913 auctorem
393 1848 602 1936 Epistularum
624 1846 663 1910 de
686 1848 797 1934 quibus
815 1850 953 1928 agimus,
976 1873 1047 1913 eum
1060 1854 1191 1917 trivialis
1205 1864 1236 1916 et
1251 1852 1321 1938 qui-

214 1953 323 2018 busvis
350 1953 444 2018 obvia
472 1953 513 2016 sit
538 1949 691 2026 eiusmodi
716 1951 795 2016 circa
822 1963 975 2019 astrorum
996 1954 1135 2018 influxus
1156 1957 1320 2035 sentemia,

214 2069 307 2142 atque
325 2053 405 2121 adeo
419 2056 518 2143 ipsius
532 2057 574 2120 sit
586 2056 747 2135 Zonaras,
773 2056 873 2142 quiin
887 2057 1055 2123 Annalibus
1068 2046 1108 2138 2)
1128 2054 1222 2120 deum
1236 2069 1320 2122 astra

215 2139 393 2224 condidisse
413 2160 518 2225 scribit
536 2169 572 2223 ut
590 2171 690 2224 terrae
703 2160 838 2224 ambitus
850 2181 906 2247 per
919 2180 957 2223 ee
969 2160 1171 2224 illustraretur
1183 2171 1215 2222 et
1228 2180 1319 2222 men-

215 2283 287 2326 stua
310 2264 459 2350 temporis
480 2283 521 2327 ex
541 2284 652 2346 eorum⁴
662 2263 835 2328 circuitibus
848 2273 1020 2350 peteretur,
1045 2282 1109 2326 non
1121 2282 1197 2327 vero
1209 2275 1244 2324 ut
1256 2283 1319 2326 una

215 2387 286 2431 cum
309 2378 397 2431 motu
420 2367 576 2431 stellemm
600 2367 705 2433 omnia
725 2378 832 2431 nostra
851 2367 1110 2435 circumferantur.
1159 2365 1224 2430 iam
1242 2386 1318 2432 vero

213 2468 392 2536 Manualem
403 2471 624 2557 imperatorem
635 2472 845 2535 astronomiae
856 2472 925 2557 plus
939 2490 1033 2556 quam
1044 2491 1101 2557 par
1112 2482 1178 2533 erat
1190 2489 1320 2559 operam

212 2574 420 2663 impendisse,
448 2587 479 2637 et
500 2574 726 2655 astrologorum
740 2595 837 2656 nugas
850 2596 906 2661 pro
922 2574 1053 2639 oraculis
1065 2574 1243 2661 excepisse,
1270 2584 1320 2635 te·

212 2688 311 2742 stetur
333 2700 397 2741 non
419 2700 481 2741 uno
502 2680 573 2741 loco
593 2678 719 2742 Nicetes
739 2680 773 2742 in
794 2678 878 2741 illius
897 2668 1023 2761 viruit).
1057 2698 1173 2763 ‚quern
1191 2672 1318 2761 quidem

212 2779 295 2843 haud
310 2782 424 2843 mirum
438 2781 624 2843 sententiam
638 2802 728 2845 suam
738 2783 772 2845 in
786 2782 919 2867 epistola
929 2779 970 2844 ad
981 2782 1167 2845 monachum
1175 2780 1317 2843 firmasse

212 2894 259 2947 tot
273 2902 378 2946 sacrae
391 2881 563 2967 Scripturae
574 2892 734 2967 etpatrum
745 2882 992 2961 auctoritatibus,
1010 2902 1106 2945 cuma
1117 2872 1317 2961 Ginnamo4)

212 2985 330 3049 divinis
343 2982 470 3073 perinde
483 3005 519 3047 ac
533 2984 766 3049 humanioribus
780 2985 891 3049 litteris
904 2982 1074 3048 admodum
1086 2985 1267 3062 instructus,
1284 2994 1317 3047 et

212 3090 294 3153 bello
309 3090 406 3153 clarus
421 3088 560 3166 habitus,
577 3084 710 3151 Martem
720 3100 752 3150 et
760 3087 945 3153 Mercurium
958 3108 1019 3150 una
1032 3099 1064 3151 et
1076 3089 1169 3154 simul
1181 3089 1316 3151 coluisse

213 3191 346 3257 dicatur:
370 3193 415 3255 ita
436 3201 470 3253 ut
491 3190 629 3255 Mauueli
648 3192 747 3277 aptari
767 3190 901 3279 potuerit
919 3189 1002 3278 quod
1023 3191 1204 3280 Calpurnius
1217 3182 1255 3273 ὕ)
1275 3188 1316 3253 de

168 3279 170 3285 ¹
212 3295 326 3361 Carino
339 3296 525 3397 imperatore
539 3292 648 3357 cecinit
776 3298 780 3306 ’

488 3426 620 3491 utcunque
635 3422 721 3473 tanen
738 3421 920 3491 ooorpeximus
935 3422 1020 3491 ipsum

419 3506 537 3579 lougius,
555 3524 601 3576 an,
618 3506 670 3561 uiri
687 3524 727 3561 me
744 3508 850 3578 decepit
863 3508 953 3575 mens,
969 3507 998 3560 iu
1012 3523 1065 3564 uno

419 3602 450 3650 at
466 3592 565 3651 Martis
580 3592 670 3651 vultus
687 3600 716 3647 et
731 3594 862 3667 Apollinis
878 3612 938 3649 esse
954 3594 1059 3667 putavl.

214 3699 420 3719 §dun——

280 3767 319 3835 1)
352 3768 454 3853 (ilyeas
470 3783 498 3836 p.
514 3764 561 3823 26.
589 3764 635 3839 [p.
651 3764 688 3822 bo
715 3763 751 3822 19
777 3766 822 3822 ed.
838 3766 942 3836 Eoum]

211 3836 320 4032 mis}
343 3836 708 4042 2iiflisslimijii‘nlrp.spe
732 3902 955 3974 a,us.rn.t.
983 3880 1099 3975 [prro
1124 3900 1167 3958 ro.
1193 3900 1246 3956 roa
1268 3899 1317 3955 ss.

280 4042 321 4185 pp
351 3992 527 4172 pppppfass
547 3991 663 4118 [iiius
691 4044 726 4104 ro
755 4040 920 4111 summ

664 4260 865 4276 ...nno—nunus
