2950 4800
228 269 278 322 m
677 245 880 320 nuctttou

228 437 342 506 enarer
376 434 458 503 unde
478 432 663 504 Theodorou
682 427 888 522 Marciliua1)
908 435 1065 504 zamam
1079 449 1113 506 et
1126 436 1328 530 Xiphiliuam

226 541 340 610 Dionia
360 541 506 624 aubdigaa
519 551 621 608 vocat·
671 553 703 606 et
716 553 798 606 certa
808 542 855 606 ita
868 541 908 606 de
920 541 1044 608 Zonara
1056 544 1193 610 aeneiaee
1206 557 1328 612 conatet

226 644 361 712 eundem
375 647 533 725 Attatium,
553 639 653 731 “qui”
670 645 716 710 ait
727 646 780 710 ille
793 639 888 710 “licet
898 645 933 708 in
946 645 1077 712 hiatoria
1088 659 1160 734 poet
1172 645 1328 720 conatae-

225 751 326 814 tinum
347 749 495 831 Megnum
517 747 650 812 ieiunior
671 748 729 828 ait,
754 759 787 810 et
802 747 930 814 nonniai
942 749 1038 816 obria
1050 770 1190 836 quaeque
1202 773 1327 838 percur-

225 853 314 933 rerit,
335 853 369 916 in
388 854 440 917 laia
458 871 536 918 raro
557 871 636 936 quae
657 861 730 914 anta
752 848 988 916 Conetantinam
1007 850 1049 916 ad
1068 851 1179 918 mundi
1196 853 1328 920 exordia

223 954 400 1037 diligentius
428 966 460 1019 et
486 953 642 1040 copiosius
668 953 842 1020 vereatur.’'
894 974 960 1020 nou
985 957 1100 1020 mirum
1121 957 1216 1037 igitur
1235 958 1265 1024 ai
1284 959 1326 1022 ab

222 1057 396 1124 alexandro
427 1055 611 1122 Braaaicano
636 1057 671 1120 in
695 1057 887 1144 praefatione
912 1056 954 1122 ad
978 1057 1162 1124 Salviauum
1187 1061 1327 1126 sincerae

224 1161 301 1226 fidei
321 1161 500 1240 historicus,
532 1170 563 1224 et
585 1179 605 1222 a
626 1158 810 1226 Gaaaubono
823 1151 862 1243 ²)
884 1157 1002 1226 dicatur
1018 1162 1070 1227 ria
1089 1160 1328 1231 emditiaaimaa.

224 1263 357 1330 cedreni
378 1261 479 1328 codici
497 1263 704 1352 manuecripto
724 1263 873 1328 achedam
890 1261 1092 1352 adacripaiaac
1105 1263 1215 1330 dicitur
1227 1266 1328 1334 Wol-

224 1369 301 1446 dae,
326 1368 359 1431 in
381 1367 647 1453 quaobaerrabat
664 1377 794 1432 tractare
814 1364 902 1430 idam
919 1379 1133 1450 argumentum
1152 1368 1237 1455 quod
1257 1370 1326 1436 Zo-

169 1531 177 1552 x
222 1479 336 1550 notua,⁸
357 1468 414 1534 aad
434 1469 549 1532 habere
568 1487 588 1530 a
607 1469 731 1534 Zonara
751 1470 848 1534 multa
868 1469 909 1534 de
925 1469 1079 1536 industrie
1096 1473 1325 1558 praetermitte,

223 1572 384 1638 brevitatis
404 1574 484 1635 forte
503 1567 624 1651 etudio,
651 1569 709 1636 aed
728 1584 810 1636 certe
827 1593 891 1641 non
910 1572 1197 1660 praetermittenda,
1223 1577 1269 1640 ita
1288 1585 1325 1638 ut

223 1677 351 1763 optione
367 1675 440 1738 cibi
464 1671 537 1736 data
565 1674 605 1736 ab
629 1673 719 1739 initio
748 1673 925 1740 cedrenum
949 1677 1093 1742 Zonarae
1118 1680 1326 1766 praetulieaet.

221 1779 292 1866 qui,
326 1777 426 1863 inquit
450 1767 680 1860 xytander³),
714 1795 734 1839 a
756 1797 818 1862 quo
841 1777 921 1841 haec
939 1800 982 1844 ex
1001 1779 1125 1847 Wolfio
1145 1783 1326 1861 referuntur,

222 1881 264 1945 ad
285 1901 323 1944 ea
343 1881 481 1968 respexit
498 1880 679 1966 praecipua,
703 1899 783 1966 quae
796 1879 922 1948 aliunde
934 1901 1029 1967 quam
1041 1902 1084 1947 ex
1096 1903 1136 1947 eo
1149 1884 1249 1970 repeti
1260 1905 1326 1948 non

117 2007 120 2014 ⁴
221 1995 370 2074 pereunt,
403 2003 473 2046 curn
498 1981 560 2048 duo
582 1982 700 2070 prioree
719 1983 863 2049 Zonarua
885 1985 966 2050 tomi
985 1985 1080 2066 longe
1101 1987 1240 2072 alioquin
1261 1987 1325 2051 rint

220 2089 367 2152 meliores
388 2107 424 2150 ac
445 2083 537 2150 laude
559 2083 730 2169 digniores,
753 2105 848 2171 qaam
866 2107 905 2150 ea
925 2106 1006 2173 quae
1026 2086 1069 2152 ad
1086 2087 1325 2160 Constantinum

219 2211 319 2278 uaque
350 2190 499 2271 Magnam
531 2187 689 2254 Gedrenua
724 2191 858 2271 collegit.
908 2190 1014 2256 acribit
1047 2203 1207 2279 praeterea
1236 2191 1323 2256 idem

219 2295 360 2362 wolfius
373 2283 414 2376 4)
440 2293 598 2358 Zonaram
619 2292 696 2356 aliae
718 2293 920 2379 prolixiorem
942 2291 1060 2375 rideri,
1090 2306 1125 2358 ut
1143 2294 1177 2361 in
1196 2291 1323 2358 Iudaica

219 2398 366 2478 littorio,
387 2396 463 2461 aliae
476 2398 665 2477 breviorem,
686 2407 720 2459 ut
730 2396 765 2460 in
778 2408 954 2463 exterarum
964 2398 1102 2479 gentium
1111 2398 1202 2463 rebua
1215 2398 1323 2477 gartia.

218 2502 253 2566 in
266 2522 327 2588 quo
342 2498 469 2587 quidem
482 2500 511 2564 ai
524 2521 585 2588 qua
598 2501 686 2587 culpa
699 2501 868 2567 commiaaa
881 2513 944 2583 eat,
962 2501 1193 2566 excuaationem
1204 2500 1323 2565 habere

217 2602 320 2673 rideri
337 2605 433 2684 hanc,
458 2602 541 2691 quod
553 2605 622 2691 ipae
636 2624 701 2667 non
715 2625 757 2669 ax
771 2626 829 2670 auo
841 2605 970 2687 ingemo
984 2602 1177 2691 deprompait
1189 2624 1228 2667 ea
1241 2624 1323 2690 quaa

218 2709 356 2795 aeripeit,
382 2704 438 2770 aad
460 2728 502 2770 ex
519 2708 616 2773 rariie
638 2709 813 2772 auctoribus
834 2710 960 2773 collecta
981 2708 1017 2772 in
1038 2720 1155 2772 certum
1177 2704 1322 2773 ordinem

216 2808 353 2891 redegit:
378 2809 432 2895 qui
454 2820 593 2873 auctores
615 2811 696 2874 inter
716 2831 752 2874 ae
772 2810 973 2875 diaaimillimi
986 2822 1069 2877 aunt.
1118 2809 1202 2898 quod
1216 2820 1321 2875 antem

215 2934 280 2977 non
300 2912 406 2977 omnia
425 2922 601 2999 peraecutue
620 2922 683 2992 eat,
708 2933 774 2977 non
786 2924 852 2979 tam
863 2913 1050 2996 negligentia
1065 2932 1162 3000 qaam
1174 2912 1215 2979 de
1225 2913 1321 2977 indu-

213 3016 289 3081 atria
304 3016 426 3081 deciate.

317 3118 454 3198 Verum,
480 3116 551 3181 licet
576 3116 609 3181 in
635 3117 676 3183 iia
703 3140 783 3205 quaa
808 3130 881 3207 port
907 3118 1143 3186 (innatantinum
1169 3118 1319 3201 Magnum

213 3221 336 3309 acripait
352 3222 444 3287 obvia
460 3228 598 3308 quaeque
611 3244 785 3307 percurrere
798 3223 955 3289 Zonaram
967 3221 1050 3287 dicat
1060 3224 1206 3302 Allatiua,
1225 3225 1318 3304 longe

213 3328 303 3390 aliter
315 3336 418 3391 tamen
431 3324 568 3389 aenaiaae
580 3324 703 3389 ridetur
715 3328 817 3392 exacti
826 3325 990 3394 ririudicii
998 3315 1316 3406 HenricuaValeaiua,

214 3430 269 3516 qui
292 3452 356 3495 non
380 3426 476 3493 modo
497 3438 654 3493 auctorem
673 3442 722 3494 eat
741 3429 921 3511 diligentem
940 3428 1025 3495 haud
1046 3431 1144 3495 remei
1162 3428 1316 3511 indigitat,

214 3530 271 3597 aed
300 3544 332 3595 ct
359 3532 393 3595 in
417 3532 457 3597 iia
480 3534 663 3619 pracsertim
684 3554 764 3619 quae
783 3532 926 3599 eiusdem
947 3533 1143 3599 Constantini
1163 3533 1317 3599 familiam

214 3646 368 3723 epectant,
402 3636 620 3701 accuratiorem
645 3656 740 3723 quam
763 3636 798 3701 in
823 3636 969 3716 caeteris,
999 3656 1100 3721 neque
1124 3635 1195 3701 aliia
1221 3636 1315 3701 obvia

211 3738 314 3805 dicare
335 3740 480 3806 obaerrat
491 3730 539 3823 ὅ).
592 3750 624 3805 el
642 3760 719 3807 aune
732 3760 908 3831 quanquam
918 3742 953 3807 in
964 3736 1162 3807 ratemdia
1176 3738 1316 3829 cpolita-

280 4004 318 4073 1)
351 4002 381 4057 in
398 4007 454 4087 not.
469 4002 503 4057 ad
522 4003 631 4057 Sueten.

278 4074 316 4211 ἐξ
350 4072 384 4197 tt
397 4072 564 4215 ilcila
578 4070 727 4195 cunt
744 4068 787 4126 ⁶⁶·

196 4226 201 4239 ·
279 4212 318 4279 4)
351 4212 378 4264 in
394 4212 509 4281 praefat.

279 4280 316 4352 d)
349 4274 774 4339 maturatiuletontmi.
