<?xml version="1.0" encoding="UTF-8"?>
<!DOCTYPE html PUBLIC "-//W3C//DTD XHTML 1.0 Transitional//EN"
    "http://www.w3.org/TR/xhtml1/DTD/xhtml1-transitional.dtd">
<html xmlns="http://www.w3.org/1999/xhtml" xml:lang="en" lang="en">
 <head>
  <title>
</title>
<meta http-equiv="Content-Type" content="text/html;charset=utf-8" />
  <meta name='ocr-system' content='tesseract 3.04.00' />
  <meta name='ocr-capabilities' content='ocr_page ocr_carea ocr_par ocr_line ocrx_word'/>
</head>
<body>
  <div class='ocr_page' id='page_1' title='image "./corpusscriptoru57theogoog/corpusscriptoru57theogoog_0033.png"; bbox 0 0 2950 4800; ppageno 0'>
   <div class='ocr_carea' id='block_1_1' title="bbox 286 1023 1091 1142">
    <p class='ocr_par' dir='ltr' id='par_1_1' title="bbox 286 1023 1091 1142">
     <span class='ocr_line' id='line_1_1' title="bbox 286 1023 1091 1142; baseline -0.005 -2"><span class='ocrx_word' id='word_1_1' title='bbox 286 1028 729 1140; x_wconf 87' lang='lat' dir='ltr'>HIERONYMI</span> <span class='ocrx_word' id='word_1_2' title='bbox 785 1023 1091 1142; x_wconf 86' lang='lat' dir='ltr'>WOLFII</span> 
     </span>
    </p>
   </div>
   <div class='ocr_carea' id='block_1_2' title="bbox 136 1333 1241 1430">
    <p class='ocr_par' dir='ltr' id='par_1_2' title="bbox 136 1333 1241 1430">
     <span class='ocr_line' id='line_1_2' title="bbox 136 1333 1241 1430; baseline -0.002 0"><span class='ocrx_word' id='word_1_3' title='bbox 136 1338 446 1430; x_wconf 87' lang='lat' dir='ltr'>lOANNIS</span> <span class='ocrx_word' id='word_1_4' title='bbox 497 1333 856 1426; x_wconf 85' lang='lat' dir='ltr'><strong>ZONARAE</strong></span> <span class='ocrx_word' id='word_1_5' title='bbox 899 1337 1241 1428; x_wconf 87' lang='lat' dir='ltr'><strong>ANNALES</strong></span> 
     </span>
    </p>
   </div>
   <div class='ocr_carea' id='block_1_3' title="bbox 207 1505 1179 1726">
    <p class='ocr_par' dir='ltr' id='par_1_3' title="bbox 207 1505 1179 1726">
     <span class='ocr_line' id='line_1_3' title="bbox 481 1505 896 1602; baseline 0 -22"><span class='ocrx_word' id='word_1_6' title='bbox 481 1505 896 1602; x_wconf 69' lang='lat' dir='ltr'>narraturo,</span> 
     </span>
     <span class='ocr_line' id='line_1_4' title="bbox 207 1659 1179 1726; baseline -0.001 -2"><span class='ocrx_word' id='word_1_7' title='bbox 207 1663 270 1724; x_wconf 79' lang='lat' dir='ltr'>Al)</span> <span class='ocrx_word' id='word_1_8' title='bbox 291 1659 606 1726; x_wconf 78' lang='lat' dir='ltr'><strong>MAGNIFICUM</strong></span> <span class='ocrx_word' id='word_1_9' title='bbox 624 1661 685 1722; x_wconf 84' lang='lat' dir='ltr'>ET</span> <span class='ocrx_word' id='word_1_10' title='bbox 706 1659 1005 1724; x_wconf 80' lang='lat' dir='ltr'>GENEROSUM</span> <span class='ocrx_word' id='word_1_11' title='bbox 1023 1661 1179 1725; x_wconf 77' lang='lat' dir='ltr'>vtltUM</span> 
     </span>
    </p>
   </div>
   <div class='ocr_carea' id='block_1_4' title="bbox 131 1790 1242 1886">
    <p class='ocr_par' dir='ltr' id='par_1_4' title="bbox 131 1790 1242 1886">
     <span class='ocr_line' id='line_1_5' title="bbox 131 1790 1242 1886; baseline 0.004 -4"><span class='ocrx_word' id='word_1_12' title='bbox 131 1793 194 1885; x_wconf 86' lang='lat' dir='ltr'>D.</span> <span class='ocrx_word' id='word_1_13' title='bbox 254 1790 710 1885; x_wconf 87' lang='lat' dir='ltr'><strong>ANTONIUM</strong></span> <span class='ocrx_word' id='word_1_14' title='bbox 767 1791 1242 1886; x_wconf 86' lang='lat' dir='ltr'><strong>FUGGERUM</strong></span> 
     </span>
    </p>
   </div>
   <div class='ocr_carea' id='block_1_5' title="bbox 265 1959 1115 2135">
    <p class='ocr_par' dir='ltr' id='par_1_5' title="bbox 265 1959 1115 2135">
     <span class='ocr_line' id='line_1_6' title="bbox 265 1959 1115 2048; baseline 0.002 -32"><span class='ocrx_word' id='word_1_15' title='bbox 265 1959 523 2016; x_wconf 71' lang='lat' dir='ltr'>mensurato</span> <span class='ocrx_word' id='word_1_16' title='bbox 542 1961 595 2016; x_wconf 76' lang='lat' dir='ltr'>ou</span> <span class='ocrx_word' id='word_1_17' title='bbox 617 1959 908 2017; x_wconf 78' lang='lat' dir='ltr'>wurssuuuoaur</span> <span class='ocrx_word' id='word_1_18' title='bbox 927 1961 1115 2048; x_wconf 74' lang='lat' dir='ltr'>rosunum,</span> 
     </span>
     <span class='ocr_line' id='line_1_7' title="bbox 347 2077 1035 2135; baseline -0.001 -11"><span class='ocrx_word' id='word_1_19' title='bbox 347 2077 524 2126; x_wconf 69' lang='lat' dir='ltr'>omnam</span> <span class='ocrx_word' id='word_1_20' title='bbox 548 2077 722 2124; x_wconf 68' lang='lat' dir='ltr'>uatusTs&#39;rt</span> <span class='ocrx_word' id='word_1_21' title='bbox 746 2079 767 2123; x_wconf 79' lang='grc' dir='ltr'><strong>Δ</strong></span> <span class='ocrx_word' id='word_1_22' title='bbox 791 2077 955 2135; x_wconf 68' lang='lat' dir='ltr'>consum,</span> <span class='ocrx_word' id='word_1_23' title='bbox 980 2089 1035 2125; x_wconf 74' lang='lat' dir='ltr'>m.</span> 
     </span>
    </p>
   </div>
   <div class='ocr_carea' id='block_1_6' title="bbox 137 2414 1284 4417">
    <p class='ocr_par' dir='ltr' id='par_1_6' title="bbox 137 2414 1284 4417">
     <span class='ocr_line' id='line_1_8' title="bbox 137 2414 1241 2551; baseline 0.003 -24"><span class='ocrx_word' id='word_1_24' title='bbox 137 2414 251 2551; x_wconf 83' lang='lat' dir='ltr'>Opus</span> <span class='ocrx_word' id='word_1_25' title='bbox 271 2464 331 2529; x_wconf 89' lang='lat' dir='ltr'>hoc</span> <span class='ocrx_word' id='word_1_26' title='bbox 350 2464 550 2531; x_wconf 77' lang='lat' dir='ltr'>historiarum</span> <span class='ocrx_word' id='word_1_27' title='bbox 568 2460 705 2529; x_wconf 76' lang='lat' dir='ltr'>Ioannis</span> <span class='ocrx_word' id='word_1_28' title='bbox 726 2466 907 2543; x_wconf 76' lang='lat' dir='ltr'>Zournnr,</span> <span class='ocrx_word' id='word_1_29' title='bbox 932 2464 993 2530; x_wconf 76' lang='lat' dir='ltr'>viri</span> <span class='ocrx_word' id='word_1_30' title='bbox 1011 2486 1066 2529; x_wconf 88' lang='lat' dir='ltr'>sua</span> <span class='ocrx_word' id='word_1_31' title='bbox 1088 2476 1189 2529; x_wconf 85' lang='lat' dir='ltr'>aetate</span> <span class='ocrx_word' id='word_1_32' title='bbox 1206 2465 1241 2529; x_wconf 85' lang='lat' dir='ltr'>in</span> 
     </span>
     <span class='ocr_line' id='line_1_9' title="bbox 142 2564 1244 2655; baseline 0.005 -28"><span class='ocrx_word' id='word_1_33' title='bbox 142 2564 300 2652; x_wconf 72' lang='lat' dir='ltr'><strong>cpolitano</strong></span> <span class='ocrx_word' id='word_1_34' title='bbox 320 2570 451 2655; x_wconf 86' lang='lat' dir='ltr'>imperio</span> <span class='ocrx_word' id='word_1_35' title='bbox 471 2570 653 2649; x_wconf 75' lang='lat' dir='ltr'>clarissimi,</span> <span class='ocrx_word' id='word_1_36' title='bbox 679 2570 773 2649; x_wconf 79' lang='lat' dir='ltr'>longo</span> <span class='ocrx_word' id='word_1_37' title='bbox 786 2571 851 2632; x_wconf 89' lang='lat' dir='ltr'>iam</span> <span class='ocrx_word' id='word_1_38' title='bbox 863 2581 1003 2653; x_wconf 87' lang='lat' dir='ltr'>temporo</span> <span class='ocrx_word' id='word_1_39' title='bbox 1016 2588 1035 2627; x_wconf 89' lang='lat' dir='ltr'>a</span> <span class='ocrx_word' id='word_1_40' title='bbox 1047 2568 1153 2631; x_wconf 83' lang='lat' dir='ltr'>multis</span> <span class='ocrx_word' id='word_1_41' title='bbox 1164 2568 1244 2633; x_wconf 76' lang='lat' dir='ltr'>viris</span> 
     </span>
     <span class='ocr_line' id='line_1_10' title="bbox 142 2665 1247 2757; baseline 0.005 -28"><span class='ocrx_word' id='word_1_42' title='bbox 142 2665 326 2736; x_wconf 71' lang='lat' dir='ltr'>doctissimis</span> <span class='ocrx_word' id='word_1_43' title='bbox 348 2670 574 2750; x_wconf 86' lang='lat' dir='ltr'>desideratum,</span> <span class='ocrx_word' id='word_1_44' title='bbox 600 2668 715 2757; x_wconf 81' lang='lat' dir='ltr'>duplici</span> <span class='ocrx_word' id='word_1_45' title='bbox 728 2672 926 2757; x_wconf 88' lang='lat' dir='ltr'>potissimum</span> <span class='ocrx_word' id='word_1_46' title='bbox 940 2672 1069 2733; x_wconf 84' lang='lat' dir='ltr'>numine</span> <span class='ocrx_word' id='word_1_47' title='bbox 1082 2689 1247 2735; x_wconf 82' lang='lat' dir='ltr'>commen-</span> 
     </span>
     <span class='ocr_line' id='line_1_11' title="bbox 139 2768 1243 2861; baseline 0.005 -28"><span class='ocrx_word' id='word_1_48' title='bbox 139 2768 275 2838; x_wconf 86' lang='lat' dir='ltr'>dandum</span> <span class='ocrx_word' id='word_1_49' title='bbox 296 2795 368 2839; x_wconf 83' lang='lat' dir='ltr'>csse</span> <span class='ocrx_word' id='word_1_50' title='bbox 386 2773 527 2854; x_wconf 76' lang='lat' dir='ltr'>videtur,</span> <span class='ocrx_word' id='word_1_51' title='bbox 553 2785 619 2838; x_wconf 88' lang='lat' dir='ltr'>tum</span> <span class='ocrx_word' id='word_1_52' title='bbox 631 2786 758 2861; x_wconf 83' lang='lat' dir='ltr'>propter</span> <span class='ocrx_word' id='word_1_53' title='bbox 770 2772 1004 2859; x_wconf 82' lang='lat' dir='ltr'>amplitudinem</span> <span class='ocrx_word' id='word_1_54' title='bbox 1017 2785 1048 2836; x_wconf 90' lang='lat' dir='ltr'>et</span> <span class='ocrx_word' id='word_1_55' title='bbox 1059 2774 1243 2838; x_wconf 82' lang='lat' dir='ltr'>varietatem</span> 
     </span>
     <span class='ocr_line' id='line_1_12' title="bbox 138 2877 1243 2963; baseline 0.004 -24"><span class='ocrx_word' id='word_1_56' title='bbox 138 2896 237 2940; x_wconf 84' lang='lat' dir='ltr'>rerum</span> <span class='ocrx_word' id='word_1_57' title='bbox 258 2898 338 2963; x_wconf 84' lang='lat' dir='ltr'>quae</span> <span class='ocrx_word' id='word_1_58' title='bbox 354 2878 389 2941; x_wconf 90' lang='lat' dir='ltr'>iu</span> <span class='ocrx_word' id='word_1_59' title='bbox 408 2898 447 2942; x_wconf 91' lang='lat' dir='ltr'>eo</span> <span class='ocrx_word' id='word_1_60' title='bbox 467 2877 675 2957; x_wconf 88' lang='lat' dir='ltr'>continentur,</span> <span class='ocrx_word' id='word_1_61' title='bbox 703 2890 767 2941; x_wconf 90' lang='lat' dir='ltr'>tum</span> <span class='ocrx_word' id='word_1_62' title='bbox 782 2879 823 2942; x_wconf 92' lang='lat' dir='ltr'>ob</span> <span class='ocrx_word' id='word_1_63' title='bbox 838 2877 1037 2956; x_wconf 77' lang='lat' dir='ltr'>brevitatem,</span> <span class='ocrx_word' id='word_1_64' title='bbox 1061 2878 1243 2943; x_wconf 85' lang='lat' dir='ltr'>hominibus</span> 
     </span>
     <span class='ocr_line' id='line_1_13' title="bbox 137 2978 1242 3071; baseline 0.005 -30"><span class='ocrx_word' id='word_1_65' title='bbox 137 2981 185 3042; x_wconf 78' lang='lat' dir='ltr'>rel</span> <span class='ocrx_word' id='word_1_66' title='bbox 205 2980 240 3043; x_wconf 88' lang='lat' dir='ltr'>in</span> <span class='ocrx_word' id='word_1_67' title='bbox 265 3002 300 3043; x_wconf 87' lang='lat' dir='ltr'>ro</span> <span class='ocrx_word' id='word_1_68' title='bbox 319 2982 440 3071; x_wconf 77' lang='lat' dir='ltr'>publico</span> <span class='ocrx_word' id='word_1_69' title='bbox 453 2982 505 3044; x_wconf 79' lang='lat' dir='ltr'>vel</span> <span class='ocrx_word' id='word_1_70' title='bbox 519 2978 697 3045; x_wconf 88' lang='lat' dir='ltr'>domesticis</span> <span class='ocrx_word' id='word_1_71' title='bbox 711 2984 846 3063; x_wconf 81' lang='lat' dir='ltr'>negotiis</span> <span class='ocrx_word' id='word_1_72' title='bbox 857 2982 909 3045; x_wconf 83' lang='lat' dir='ltr'>vel</span> <span class='ocrx_word' id='word_1_73' title='bbox 923 2979 1034 3045; x_wconf 85' lang='lat' dir='ltr'>studiis</span> <span class='ocrx_word' id='word_1_74' title='bbox 1047 2982 1242 3061; x_wconf 74' lang='lat' dir='ltr'>gravioribus</span> 
     </span>
     <span class='ocr_line' id='line_1_14' title="bbox 138 3084 1245 3171; baseline 0.003 -27"><span class='ocrx_word' id='word_1_75' title='bbox 138 3085 309 3171; x_wconf 85' lang='lat' dir='ltr'>occupatis,</span> <span class='ocrx_word' id='word_1_76' title='bbox 332 3086 437 3151; x_wconf 77' lang='lat' dir='ltr'>veliis</span> <span class='ocrx_word' id='word_1_77' title='bbox 452 3106 583 3170; x_wconf 86' lang='lat' dir='ltr'>quorum</span> <span class='ocrx_word' id='word_1_78' title='bbox 595 3086 749 3149; x_wconf 87' lang='lat' dir='ltr'>infirmior</span> <span class='ocrx_word' id='word_1_79' title='bbox 761 3097 809 3150; x_wconf 87' lang='lat' dir='ltr'>cst</span> <span class='ocrx_word' id='word_1_80' title='bbox 822 3084 990 3163; x_wconf 85' lang='lat' dir='ltr'>memoria,</span> <span class='ocrx_word' id='word_1_81' title='bbox 1017 3096 1136 3163; x_wconf 76' lang='lat' dir='ltr'>gratam</span> <span class='ocrx_word' id='word_1_82' title='bbox 1149 3096 1245 3171; x_wconf 81' lang='lat' dir='ltr'>atquo</span> 
     </span>
     <span class='ocr_line' id='line_1_15' title="bbox 137 3185 1242 3274; baseline 0.005 -27"><span class='ocrx_word' id='word_1_83' title='bbox 137 3188 343 3273; x_wconf 81' lang='lat' dir='ltr'>aptissimam.</span> <span class='ocrx_word' id='word_1_84' title='bbox 394 3190 602 3274; x_wconf 82' lang='lat' dir='ltr'>nequeenim</span> <span class='ocrx_word' id='word_1_85' title='bbox 627 3190 751 3252; x_wconf 80' lang='lat' dir='ltr'>cuilibet</span> <span class='ocrx_word' id='word_1_86' title='bbox 774 3185 1041 3252; x_wconf 77' lang='lat' dir='ltr'>accommodatum</span> <span class='ocrx_word' id='word_1_87' title='bbox 1065 3200 1113 3251; x_wconf 89' lang='lat' dir='ltr'>est</span> <span class='ocrx_word' id='word_1_88' title='bbox 1136 3188 1242 3252; x_wconf 83' lang='lat' dir='ltr'>omnis</span> 
     </span>
     <span class='ocr_line' id='line_1_16' title="bbox 138 3290 1242 3378; baseline 0.004 -27"><span class='ocrx_word' id='word_1_89' title='bbox 138 3290 250 3377; x_wconf 83' lang='lat' dir='ltr'>scripta</span> <span class='ocrx_word' id='word_1_90' title='bbox 271 3291 411 3355; x_wconf 88' lang='lat' dir='ltr'>omnium</span> <span class='ocrx_word' id='word_1_91' title='bbox 430 3292 646 3356; x_wconf 87' lang='lat' dir='ltr'>historicorum</span> <span class='ocrx_word' id='word_1_92' title='bbox 667 3293 829 3371; x_wconf 79' lang='lat' dir='ltr'>evolvere,</span> <span class='ocrx_word' id='word_1_93' title='bbox 853 3302 885 3355; x_wconf 86' lang='lat' dir='ltr'>et</span> <span class='ocrx_word' id='word_1_94' title='bbox 897 3291 1076 3378; x_wconf 86' lang='lat' dir='ltr'>praecipuas</span> <span class='ocrx_word' id='word_1_95' title='bbox 1090 3312 1141 3355; x_wconf 85' lang='lat' dir='ltr'>res</span> <span class='ocrx_word' id='word_1_96' title='bbox 1154 3312 1242 3355; x_wconf 85' lang='lat' dir='ltr'>sum-</span> 
     </span>
     <span class='ocr_line' id='line_1_17' title="bbox 137 3392 1243 3481; baseline 0 -25"><span class='ocrx_word' id='word_1_97' title='bbox 137 3412 262 3457; x_wconf 85' lang='lat' dir='ltr'>morum</span> <span class='ocrx_word' id='word_1_98' title='bbox 275 3395 476 3481; x_wconf 88' lang='lat' dir='ltr'>imperiorum</span> <span class='ocrx_word' id='word_1_99' title='bbox 490 3415 509 3459; x_wconf 82' lang='lat' dir='ltr'>s</span> <span class='ocrx_word' id='word_1_100' title='bbox 524 3394 633 3460; x_wconf 88' lang='lat' dir='ltr'>mundi</span> <span class='ocrx_word' id='word_1_101' title='bbox 647 3392 795 3473; x_wconf 86' lang='lat' dir='ltr'>exordio,</span> <span class='ocrx_word' id='word_1_102' title='bbox 822 3406 968 3480; x_wconf 83' lang='lat' dir='ltr'>quantum</span> <span class='ocrx_word' id='word_1_103' title='bbox 982 3392 1109 3479; x_wconf 85' lang='lat' dir='ltr'>quidem</span> <span class='ocrx_word' id='word_1_104' title='bbox 1123 3407 1243 3459; x_wconf 85' lang='lat' dir='ltr'>murts-</span> 
     </span>
     <span class='ocr_line' id='line_1_18' title="bbox 138 3495 1243 3584; baseline 0.003 -27"><span class='ocrx_word' id='word_1_105' title='bbox 138 3497 215 3561; x_wconf 88' lang='lat' dir='ltr'>litati</span> <span class='ocrx_word' id='word_1_106' title='bbox 236 3509 363 3563; x_wconf 85' lang='lat' dir='ltr'>nostrae</span> <span class='ocrx_word' id='word_1_107' title='bbox 381 3519 563 3563; x_wconf 87' lang='lat' dir='ltr'>concessum</span> <span class='ocrx_word' id='word_1_108' title='bbox 584 3511 647 3579; x_wconf 91' lang='lat' dir='ltr'>est,</span> <span class='ocrx_word' id='word_1_109' title='bbox 670 3519 767 3584; x_wconf 87' lang='lat' dir='ltr'>usque</span> <span class='ocrx_word' id='word_1_110' title='bbox 782 3495 915 3561; x_wconf 86' lang='lat' dir='ltr'>adhunc</span> <span class='ocrx_word' id='word_1_111' title='bbox 930 3508 1080 3578; x_wconf 85' lang='lat' dir='ltr'>aetutem,</span> <span class='ocrx_word' id='word_1_112' title='bbox 1100 3499 1243 3578; x_wconf 75' lang='lat' dir='ltr'>ignorare</span> 
     </span>
     <span class='ocr_line' id='line_1_19' title="bbox 138 3600 1242 3688; baseline 0.001 -27"><span class='ocrx_word' id='word_1_113' title='bbox 138 3600 362 3688; x_wconf 83' lang='lat' dir='ltr'>turpissimum.</span> <span class='ocrx_word' id='word_1_114' title='bbox 411 3622 485 3666; x_wconf 88' lang='lat' dir='ltr'>nam</span> <span class='ocrx_word' id='word_1_115' title='bbox 506 3602 535 3665; x_wconf 87' lang='lat' dir='ltr'>si</span> <span class='ocrx_word' id='word_1_116' title='bbox 553 3600 701 3668; x_wconf 80' lang='lat' dir='ltr'>Cicerone</span> <span class='ocrx_word' id='word_1_117' title='bbox 719 3613 845 3665; x_wconf 85' lang='lat' dir='ltr'>auctore</span> <span class='ocrx_word' id='word_1_118' title='bbox 862 3601 1115 3665; x_wconf 88' lang='lat' dir='ltr'>iuterhomiuem</span> <span class='ocrx_word' id='word_1_119' title='bbox 1129 3614 1161 3665; x_wconf 85' lang='lat' dir='ltr'>et</span> <span class='ocrx_word' id='word_1_120' title='bbox 1175 3603 1242 3665; x_wconf 82' lang='lat' dir='ltr'>bel-</span> 
     </span>
     <span class='ocr_line' id='line_1_20' title="bbox 138 3695 1243 3793; baseline 0.004 -30"><span class='ocrx_word' id='word_1_121' title='bbox 138 3702 221 3767; x_wconf 89' lang='lat' dir='ltr'>luam</span> <span class='ocrx_word' id='word_1_122' title='bbox 244 3705 305 3768; x_wconf 85' lang='lat' dir='ltr'>hoc</span> <span class='ocrx_word' id='word_1_123' title='bbox 323 3704 463 3769; x_wconf 82' lang='lat' dir='ltr'>maximo</span> <span class='ocrx_word' id='word_1_124' title='bbox 479 3706 621 3787; x_wconf 86' lang='lat' dir='ltr'>interest,</span> <span class='ocrx_word' id='word_1_125' title='bbox 645 3704 727 3793; x_wconf 90' lang='lat' dir='ltr'>quod</span> <span class='ocrx_word' id='word_1_126' title='bbox 748 3695 826 3768; x_wconf 81' lang='lat' dir='ltr'>h&#39;aeu</span> <span class='ocrx_word' id='word_1_127' title='bbox 845 3716 965 3768; x_wconf 87' lang='lat' dir='ltr'>tantum</span> <span class='ocrx_word' id='word_1_128' title='bbox 983 3717 1129 3790; x_wconf 83' lang='lat' dir='ltr'>quantum</span> <span class='ocrx_word' id='word_1_129' title='bbox 1148 3725 1243 3769; x_wconf 88' lang='lat' dir='ltr'>seusu</span> 
     </span>
     <span class='ocr_line' id='line_1_21' title="bbox 141 3806 1244 3896; baseline 0.002 -29"><span class='ocrx_word' id='word_1_130' title='bbox 141 3820 298 3889; x_wconf 78' lang='lat' dir='ltr'>moretur,</span> <span class='ocrx_word' id='word_1_131' title='bbox 325 3808 367 3873; x_wconf 83' lang='lat' dir='ltr'>ad</span> <span class='ocrx_word' id='word_1_132' title='bbox 391 3806 424 3872; x_wconf 88' lang='lat' dir='ltr'>id</span> <span class='ocrx_word' id='word_1_133' title='bbox 452 3810 553 3874; x_wconf 87' lang='lat' dir='ltr'>solum</span> <span class='ocrx_word' id='word_1_134' title='bbox 580 3806 663 3896; x_wconf 86' lang='lat' dir='ltr'>quod</span> <span class='ocrx_word' id='word_1_135' title='bbox 689 3808 778 3872; x_wconf 89' lang='lat' dir='ltr'>adest</span> <span class='ocrx_word' id='word_1_136' title='bbox 800 3807 943 3894; x_wconf 88' lang='lat' dir='ltr'>quodque</span> <span class='ocrx_word' id='word_1_137' title='bbox 965 3826 1114 3894; x_wconf 83' lang='lat' dir='ltr'>praescus</span> <span class='ocrx_word' id='word_1_138' title='bbox 1137 3820 1186 3872; x_wconf 87' lang='lat' dir='ltr'>est</span> <span class='ocrx_word' id='word_1_139' title='bbox 1208 3828 1244 3871; x_wconf 81' lang='lat' dir='ltr'>sc</span> 
     </span>
     <span class='ocr_line' id='line_1_22' title="bbox 144 3910 1244 4000; baseline 0.001 -29"><span class='ocrx_word' id='word_1_140' title='bbox 144 3910 372 3992; x_wconf 83' lang='lat' dir='ltr'>accommodat,</span> <span class='ocrx_word' id='word_1_141' title='bbox 403 3914 561 4000; x_wconf 85' lang='lat' dir='ltr'>paululum</span> <span class='ocrx_word' id='word_1_142' title='bbox 596 3911 766 3977; x_wconf 75' lang='lat' dir='ltr'>admodum</span> <span class='ocrx_word' id='word_1_143' title='bbox 801 3914 938 3976; x_wconf 87' lang='lat' dir='ltr'>sentiens</span> <span class='ocrx_word' id='word_1_144' title='bbox 965 3913 1163 3998; x_wconf 84' lang='lat' dir='ltr'>praeteritum</span> <span class='ocrx_word' id='word_1_145' title='bbox 1190 3920 1244 3972; x_wconf 89' lang='lat' dir='ltr'>aut</span> 
     </span>
     <span class='ocr_line' id='line_1_23' title="bbox 145 4010 1284 4104; baseline 0.004 -33"><span class='ocrx_word' id='word_1_146' title='bbox 145 4010 289 4097; x_wconf 82' lang='lat' dir='ltr'>futurum,</span> <span class='ocrx_word' id='word_1_147' title='bbox 314 4016 413 4081; x_wconf 88' lang='lat' dir='ltr'>homo</span> <span class='ocrx_word' id='word_1_148' title='bbox 433 4028 539 4080; x_wconf 88' lang='lat' dir='ltr'>autem</span> <span class='ocrx_word' id='word_1_149' title='bbox 560 4018 708 4103; x_wconf 82' lang='lat' dir='ltr'>quoniam</span> <span class='ocrx_word' id='word_1_150' title='bbox 726 4016 856 4079; x_wconf 89' lang='lat' dir='ltr'>rationis</span> <span class='ocrx_word' id='word_1_151' title='bbox 876 4028 923 4079; x_wconf 90' lang='lat' dir='ltr'>est</span> <span class='ocrx_word' id='word_1_152' title='bbox 943 4016 1111 4104; x_wconf 79' lang='lat' dir='ltr'>particeps,</span> <span class='ocrx_word' id='word_1_153' title='bbox 1133 4032 1245 4075; x_wconf 84' lang='lat' dir='ltr'>couse-</span> <span class='ocrx_word' id='word_1_154' title='bbox 1281 4045 1284 4051; x_wconf 75' lang='lat'><em>,</em></span> 
     </span>
     <span class='ocr_line' id='line_1_24' title="bbox 146 4117 1244 4209; baseline 0.003 -33"><span class='ocrx_word' id='word_1_155' title='bbox 146 4117 265 4199; x_wconf 87' lang='lat' dir='ltr'>quentia</span> <span class='ocrx_word' id='word_1_156' title='bbox 286 4119 395 4199; x_wconf 88' lang='lat' dir='ltr'>cernit,</span> <span class='ocrx_word' id='word_1_157' title='bbox 418 4121 567 4209; x_wconf 87' lang='lat' dir='ltr'>principia</span> <span class='ocrx_word' id='word_1_158' title='bbox 581 4134 612 4185; x_wconf 88' lang='lat' dir='ltr'>et</span> <span class='ocrx_word' id='word_1_159' title='bbox 625 4141 734 4184; x_wconf 85' lang='lat' dir='ltr'>causas</span> <span class='ocrx_word' id='word_1_160' title='bbox 749 4140 851 4183; x_wconf 86' lang='lat' dir='ltr'>rerum</span> <span class='ocrx_word' id='word_1_161' title='bbox 864 4117 966 4197; x_wconf 81' lang='lat' dir='ltr'>videt,</span> <span class='ocrx_word' id='word_1_162' title='bbox 988 4135 1154 4200; x_wconf 88' lang='lat' dir='ltr'>earumque</span> <span class='ocrx_word' id='word_1_163' title='bbox 1169 4138 1244 4202; x_wconf 84' lang='lat' dir='ltr'>pro-</span> 
     </span>
     <span class='ocr_line' id='line_1_25' title="bbox 146 4217 1246 4308; baseline 0.005 -29"><span class='ocrx_word' id='word_1_164' title='bbox 146 4238 264 4297; x_wconf 81' lang='lat' dir='ltr'>gressus</span> <span class='ocrx_word' id='word_1_165' title='bbox 286 4236 317 4286; x_wconf 88' lang='lat' dir='ltr'>et</span> <span class='ocrx_word' id='word_1_166' title='bbox 335 4224 424 4308; x_wconf 89' lang='lat' dir='ltr'>quasi</span> <span class='ocrx_word' id='word_1_167' title='bbox 443 4226 672 4289; x_wconf 73' lang='lat' dir='ltr'>antecessiones</span> <span class='ocrx_word' id='word_1_168' title='bbox 687 4247 751 4288; x_wconf 90' lang='lat' dir='ltr'>non</span> <span class='ocrx_word' id='word_1_169' title='bbox 764 4225 903 4304; x_wconf 81' lang='lat' dir='ltr'>ignorat,</span> <span class='ocrx_word' id='word_1_170' title='bbox 925 4217 1144 4285; x_wconf 84' lang='lat' dir='ltr'>similitudines</span> <span class='ocrx_word' id='word_1_171' title='bbox 1157 4242 1246 4284; x_wconf 89' lang='lat' dir='ltr'>com·</span> 
     </span>
     <span class='ocr_line' id='line_1_26' title="bbox 145 4323 1247 4417; baseline 0.002 -32"><span class='ocrx_word' id='word_1_172' title='bbox 145 4336 243 4408; x_wconf 84' lang='lat' dir='ltr'>parat,</span> <span class='ocrx_word' id='word_1_173' title='bbox 274 4338 306 4391; x_wconf 90' lang='lat' dir='ltr'>et</span> <span class='ocrx_word' id='word_1_174' title='bbox 331 4328 422 4393; x_wconf 84' lang='lat' dir='ltr'>rebus</span> <span class='ocrx_word' id='word_1_175' title='bbox 448 4330 661 4417; x_wconf 83' lang='lat' dir='ltr'>praesentibus</span> <span class='ocrx_word' id='word_1_176' title='bbox 688 4326 828 4408; x_wconf 74' lang='lat' dir='ltr'>adiungit</span> <span class='ocrx_word' id='word_1_177' title='bbox 850 4337 943 4411; x_wconf 85' lang='lat' dir='ltr'>atquc</span> <span class='ocrx_word' id='word_1_178' title='bbox 962 4323 1097 4388; x_wconf 85' lang='lat' dir='ltr'>annectit</span> <span class='ocrx_word' id='word_1_179' title='bbox 1119 4327 1247 4403; x_wconf 82' lang='lat' dir='ltr'>iuturus,</span> 
     </span>
    </p>
   </div>
   <div class='ocr_carea' id='block_1_7' title="bbox 0 0 1488 4800">
    <p class='ocr_par' dir='ltr' id='par_1_7' title="bbox 0 0 1488 4800">
     <span class='ocr_line' id='line_1_27' title="bbox 0 0 1488 4800; baseline 0 0"><span class='ocrx_word' id='word_1_180' title='bbox 0 0 1488 4800; x_wconf 95' lang='lat' dir='ltr'> </span> 
     </span>
    </p>
   </div>
  </div>
 </body>
</html>
