2950 4800
366 929 1157 1026 LECTOR1.'

631 1188 830 1211 -b—-n--Q

170 1361 348 1467 Eiusmodi
375 1415 447 1467 sant
473 1406 525 1487 qui
553 1406 727 1485 generalem
755 1404 935 1485 praesertim
961 1413 1098 1484 spectant
1119 1402 1283 1483 historiam,

170 1490 430 1573 quemadmodum
459 1501 530 1549 sunt
559 1494 695 1549 Zonaras
725 1512 800 1571 quos
829 1488 920 1551 modo
945 1488 1117 1549 recudimus
1137 1492 1283 1565 Annales,

169 1589 205 1636 ut
225 1576 390 1637 fusioribus
409 1577 556 1636 illustrari
577 1578 800 1636 commentariis
821 1578 947 1635 minime
969 1574 1114 1652 debeant,
1138 1594 1208 1635 cum
1230 1578 1283 1659 qui

168 1660 203 1720 id
223 1662 398 1722 faciendum
419 1662 478 1723 sibi
493 1672 689 1742 proponeret,
711 1660 868 1721 inutilibus
884 1664 983 1741 potius
1001 1680 1036 1720 ac
1051 1664 1283 1741 supervacaneis

168 1748 315 1807 lectorem
340 1748 483 1827 fatigaret
509 1747 769 1809 observationibus
798 1766 890 1827 quam
917 1747 1019 1805 labore
1048 1748 1154 1828 quovis
1177 1748 1283 1808 suble-

87 1907 93 1913 ·
167 1844 262 1893 reret.
305 1854 342 1893 ea
365 1836 477 1915 quippe
498 1843 544 1891 est
564 1832 735 1911 scriptionis
755 1833 842 1891 istius
862 1835 956 1909 ratio,
977 1842 1106 1911 atquae
1122 1843 1283 1907 exaucto-

166 1919 251 1979 ribus
280 1916 498 1999 decerpuntur,
532 1918 721 1996 attingantur
747 1916 896 1977 duntaxat
919 1936 976 1974 nec
996 1916 1125 1995 pleniori
1147 1920 1282 1979 oratione

166 2005 402 2078 conscribantur.
446 2005 589 2065 continua
608 2012 765 2081 gestomm
784 2002 877 2061 series
900 2012 930 2058 et
951 2000 1119 2061 secundnm
1139 2005 1281 2063 certiores

164 2099 338 2169 temporum
365 2100 455 2149 notas
484 2086 601 2165 digesta
629 2087 662 2142 in
689 2086 752 2144 illis
774 2084 941 2145 attenditur
959 2088 1169 2165 potissimum,
1202 2087 1280 2151 adeo

104 2188 107 2191 ’
163 2185 199 2235 ut
224 2178 306 2254 ipsse
334 2174 490 2235 consulere
515 2172 649 2249 origines
668 2190 792 2230 necesse
813 2168 924 2229 babeat
945 2172 998 2251 qui
1017 2172 1198 2251 prolixiores
1221 2194 1280 2235 ex-

163 2262 283 2341 petierit
309 2262 513 2331 narrationes,
546 2275 616 2314 cum
644 2276 750 2315 comm
774 2259 827 2337 qui
851 2254 986 2315 condunt
1006 2257 1140 2317 Annales
1160 2262 1280 2337 praeci-

162 2365 261 2426 puum
292 2347 334 2405 sit
363 2345 524 2404 consilium
557 2352 591 2402 ut
621 2342 787 2402 universali
815 2340 948 2423 quadam
977 2362 1078 2401 rerum
1106 2344 1278 2422 cognitione

162 2431 285 2493 lectoris
319 2432 457 2490 animum
486 2429 662 2488 informent.
704 2430 748 2486 ita
770 2431 906 2487 Zonaras
928 2427 1006 2486 illud
1026 2429 1059 2486 in
1081 2431 1187 2508 primis
1208 2431 1277 2506 suit,

161 2528 197 2576 ut
218 2527 298 2576 recte
319 2517 351 2574 in
371 2515 563 2575 Praelatione
581 2515 624 2571 ait
639 2513 790 2590 Wolfius,
814 2511 946 2572 “certam
965 2511 1117 2594 quandam
1133 2511 1277 2576 historiae

162 2603 250 2684 quasi
277 2600 469 2683 disciplinam
500 2596 718 2674 constituendi,
749 2609 779 2657 et
805 2595 938 2679 dispersa
965 2601 997 2656 in
1025 2601 1163 2680 plurimis
1185 2602 1276 2660 volu-

160 2689 294 2746 minibus
315 2687 452 2746 membra
474 2696 504 2744 et
523 2696 623 2765 partes
644 2686 709 2745 eius
729 2685 764 2744 in
782 2705 878 2743 unum
896 2683 1050 2765 quoddam
1067 2705 1176 2765 corpus
1192 2685 1276 2746 redi-

160 2772 263 2850 gendi.
284 2839 289 2848 Ι
307 2772 420 2852 delegit
441 2774 526 2830 enim
547 2770 605 2829 sibi
626 2790 688 2830 non
710 2773 848 2829 omniurn
870 2769 925 2831 sed
944 2765 1176 2852 pssecipuarnm
1196 2791 1276 2852 geu-

159 2861 239 2916 tinm
259 2857 416 2933 historias,
439 2877 540 2940 neque
562 2876 612 2914 eas
635 2876 756 2930 omnes,
780 2855 834 2916 sed
854 2858 905 2914 vel
924 2859 1101 2938 praecipuas
1125 2855 1275 2919 duntaxat

159 2946 211 3004 vel
241 2963 293 3003 eas
322 2963 400 3026 quae
430 2941 471 3002 ad
499 2942 644 3001 ecclesiae
671 2943 782 3000 seriem
802 2941 1044 3021 perspiciendam
1065 2945 1166 3004 facere
1186 2942 1275 3002 vide·
1310 2975 1318 2997 ι

159 3022 299 3088 bantur.''
337 3031 369 3087 in
397 3027 456 3086 hac
481 3030 574 3107 igitur
594 3035 638 3085 tot
660 3039 826 3086 eventuum
848 3039 938 3108 atque
959 3047 1060 3086 rerum
1083 3031 1273 3107 expositione

159 3134 252 3194 qnam
274 3115 407 3173 Annales
429 3115 685 3195 complectuntur,
707 3114 760 3196 qui
781 3110 889 3172 mundi
909 3111 1074 3192 primordia
1093 3115 1272 3196 veterisque

156 3198 301 3260 Foederis
334 3197 494 3276 historias,
525 3218 604 3280 quae
636 3217 678 3257 ex
708 3200 802 3258 sacris
831 3198 917 3258 libris
950 3207 981 3257 et
1010 3219 1050 3258 ex
1078 3196 1208 3279 Iosepho
1235 3219 1272 3259 ac

157 3287 288 3364 Georgio
310 3284 471 3366 Syncello,
494 3295 545 3344 aut
566 3305 614 3344 res
635 3286 834 3344 Graecanicas
852 3284 900 3342 vel
917 3285 1008 3342 etiam
1024 3287 1192 3361 Romanas,
1215 3306 1271 3345 seu

156 3373 202 3432 rei
230 3371 371 3451 publicae
400 3389 455 3428 seu
483 3372 605 3450 imperii
630 3379 769 3452 tempora
795 3379 981 3450 spectentur,
1013 3371 1270 3450 exscriptoribus

155 3459 247 3516 refert
274 3459 410 3517 Zonaras
417 3499 427 3531 ,
458 3475 529 3515 oum
557 3459 596 3515 iis
624 3455 760 3515 conferre
788 3457 882 3516 vellet
907 3477 941 3514 ac
964 3475 1070 3516 eorum
1091 3461 1270 3517 auctoritate

156 3542 276 3600 firmare
305 3545 359 3623 qui
386 3542 522 3618 singulas
550 3561 592 3600 ex
617 3541 754 3622 professo
774 3552 1009 3624 pertractarunt,
1041 3544 1092 3601 vel
1113 3561 1190 3623 quae
1213 3543 1267 3601 ille

156 3626 196 3687 de
223 3627 373 3687 industria
403 3628 505 3686 omisit
533 3627 654 3705 afferre,
688 3625 765 3688 duo*
781 3633 892 3710 pariter
919 3629 1033 3688 subiret
1061 3625 1267 3702 incommoda,

154 3724 189 3773 ut
218 3719 249 3772 et
274 3717 406 3772 nimium
432 3711 545 3773 diceret
571 3733 630 3772 nec
654 3723 758 3773 tamen
776 3725 887 3789 totam,
918 3725 953 3772 ut
972 3713 1149 3786 Quintiliani
1166 3713 1266 3772 verbis

153 3809 233 3860 utar.
275 3798 434 3858 fatendum
465 3810 569 3860 tamen
599 3819 755 3859 occurrere
781 3797 937 3860 interdum
955 3799 988 3856 in
1010 3799 1048 3856 iis
1069 3800 1166 3858 multa
1187 3817 1266 3881 quae

152 3885 258 3945 critica
280 3883 438 3964 indigeant
456 3905 569 3962 mann,
600 3905 672 3944 cum
691 3888 725 3945 in
745 3887 812 3966 ipsa
832 3883 975 3944 videlicet
994 3888 1179 3958 narratione,
1211 3893 1265 3944 aut

152 3970 187 4030 iu
221 3989 420 4050 personarum
453 3971 505 4031 rel
539 3972 676 4032 locorum
711 3971 965 4046 nomenclatnris,
999 3980 1090 4050 atque
1121 3969 1198 4029 adeo
1228 3971 1262 4028 in

150 4056 242 4114 factis
269 4056 344 4136 ipsis
371 4076 391 4114 a
418 4059 481 4116 suis
509 4056 670 4118 discedam
697 4057 895 4130 authenticis,
928 4053 966 4114 de
988 4059 1096 4136 quibus
1116 4057 1263 4121 lectorem
1297 4085 1300 4092 ·

150 4143 277 4201 interest
306 4139 482 4203 admonere.
523 4146 672 4204 nonnulla
702 4153 774 4203 sunt
803 4151 958 4222 praeterea
982 4161 1060 4223 quae
1085 4144 1161 4202 locis
1185 4161 1263 4201 exo·

150 4227 220 4288 tisis
250 4237 378 4308 possunt
408 4225 563 4306 adornari,
595 4250 670 4290 cum
695 4230 803 4288 lumen
834 4228 893 4288 sibi
922 4229 1056 4290 invicem
1081 4227 1263 4310 plerumque
