2950 4800
147 277 150 290 ·
261 273 348 328 svnt
716 249 920 318 noeman

260 445 296 508 in
316 438 431 508 iisdem
445 437 583 538 ¹edendis
598 458 670 503 usus
683 439 795 520 luerit,
815 440 951 527 pluribus
964 436 998 503 in
1011 435 1170 527 praedicta
1182 436 1224 504 ad
1238 439 1369 511 eosdem

260 547 394 611 Annales
411 545 603 633 praefatione
621 543 768 630 exponit3
793 555 825 605 et
844 557 877 604 ut
895 544 929 607 in
949 563 1043 629 opere
1061 543 1172 608 Latine
1188 542 1368 634 Graeceque

260 646 464 714 exscribendo
497 645 672 710 adiutorem
704 647 766 710 sibi
796 643 962 710 adsciverit
988 647 1181 710 Hieremiam
1206 647 1367 732 Martinam

258 756 433 842 praeclarae
454 763 521 815 tum
540 748 656 814 indolis
677 747 923 830 adolescentem,
947 749 1103 814 medicum
1124 749 1236 814 deinde
1254 755 1368 840 physi-

260 879 331 922 cum
356 857 578 938 augustanum.
629 874 722 938 quem
749 851 875 938 quidem
900 873 938 917 ea
962 851 1003 918 de
1024 876 1059 917 re
1079 856 1176 919 rerba
1200 857 1365 923 facientem

258 971 396 1050 praestat
425 957 532 1022 audire
559 957 593 1019 in
620 957 813 1044 praelatione
839 955 880 1020 sd
909 955 1036 1022 Nonum
1062 957 1236 1038 medicum,
1271 980 1365 1045 quem

258 1063 452 1145 argentorati
473 1063 502 1124 is
523 1061 640 1147 primus
658 1057 759 1123 edidit
772 1081 855 1124 anno
871 1061 964 1126 1568.
1007 1055 1243 1147 “cumitaque”
1265 1063 1380 1148 inquit.
1463 1054 1464 1095 ³

254 1161 340 1231 “non
358 1167 447 1252 parvi
464 1167 613 1227 interesse
627 1163 769 1227 riderem
784 1176 817 1226 ut
830 1164 899 1249 quis
912 1165 1141 1251 quamprimum
1155 1165 1283 1252 optimis
1296 1179 1367 1230 ute·
1463 1190 1464 1221 ι

257 1280 342 1334 retur
360 1268 623 1356 praeceptoribus,
646 1289 703 1330 nec
725 1269 766 1330 ob
784 1268 830 1330 rei
848 1268 1010 1330 familiaris
1025 1270 1199 1348 angustiam
1212 1271 1275 1332 alio
1288 1289 1367 1334 con-
1463 1296 1464 1335 ι

258 1376 338 1436 lerre
352 1393 420 1450 me,
443 1368 526 1456 quod
541 1370 629 1432 unice
644 1373 807 1456 optabam,
825 1365 967 1456 possem,
986 1370 1152 1434 commode
1166 1393 1242 1436 sane
1255 1372 1367 1435 cecidit

144 1539 146 1546 ,
257 1487 292 1538 ut
312 1497 351 1539 eo
371 1476 441 1561 ipso
460 1487 598 1560 tempore
614 1472 702 1560 Cpoli
716 1475 887 1555 Augustam
898 1476 1079 1537 afferrentur
1089 1476 1223 1539 Annales
1235 1473 1364 1540 Ioannis
1463 1520 1464 1557 ι

257 1579 400 1642 Zonaras
421 1588 453 1638 et
471 1577 599 1640 Nicetae
619 1575 792 1640 Gboniatae
806 1579 953 1656 ltistoria,
976 1579 1149 1664 sumptibus
1163 1579 1321 1658 magnifici
1332 1591 1365 1642 et
1463 1592 1464 1649 t

256 1681 401 1763 generosi
411 1679 470 1742 viri
481 1691 511 1740 et
522 1676 731 1742 studiosorum
742 1681 883 1745 omnium
892 1679 1080 1745 Maecenatis
1089 1681 1214 1745 Antonii
1223 1681 1367 1762 ruggeri.

258 1805 338 1871 quos
352 1805 423 1846 cum
436 1780 695 1870 prudentissimus
710 1783 772 1858 vir,
799 1783 831 1843 in
846 1780 996 1845 iudicium
1009 1781 1158 1847 adhibitis
1173 1781 1365 1850 doctissimis

257 1887 452 1966 bominibus,
473 1885 636 1972 praecipua
658 1905 734 1948 vero
758 1882 917 1949 Ludovico
937 1883 1067 1963 Carino,
1090 1887 1139 1948 cui
1159 1899 1191 1950 et
1214 1889 1366 1952 tribuebat
1463 1888 1464 1895 '

214 1995 216 2000 ’
250 1989 388 2071 ιιιιιιίιιιῐιι
403 2002 434 2053 et
447 2011 508 2074 quo
521 2011 582 2051 uno
596 1988 737 2053 omnium
750 1988 887 2050 maxime
899 1975 1120 2068 delectabatur,
1135 1987 1246 2071 dignos
1255 1992 1368 2054 existi·

256 2105 357 2158 maret
378 2105 410 2156 ut
430 2093 463 2156 in
482 2091 638 2179 publicum
660 2092 795 2168 eriirent,
821 2102 888 2154 tum
911 2093 953 2154 ob
975 2111 1077 2154 rerum
1097 2113 1175 2178 quas
1197 2095 1365 2158 tractabant

211 2215 213 2224 ’
257 2196 510 2284 amplitudinem,
536 2205 603 2256 tum
622 2198 663 2259 ob
683 2195 832 2257 historiae
851 2197 966 2258 seriem
978 2196 1193 2275 longissimam
1205 2216 1224 2258 a
1236 2195 1363 2261 condito
1463 2256 1464 2287 ζ

257 2297 376 2364 mundo
395 2317 493 2384 usque
514 2298 648 2378 eleganti
668 2295 777 2360 ordine
797 2296 976 2375 deductam,
1003 2300 1207 2386 solacietur
1219 2301 1276 2361 suit
1289 2319 1363 2385 pru-
1463 2290 1464 2325 ³

255 2402 419 2493 pagandae
439 2402 628 2489 posteritatis
650 2400 916 2484 studiosissimus)
940 2401 979 2464 de
998 2405 1203 2467 conversione
1217 2402 1361 2483 cogitare,
1463 2409 1464 2444 ³

256 2520 289 2573 et
312 2529 405 2595 quem
428 2507 458 2569 ei
481 2507 601 2568 muneri
621 2506 786 2592 praeficere
804 2517 928 2591 posset,
958 2506 1051 2569 anxie
1070 2504 1238 2569 deliberare
1254 2526 1363 2570 secum
1463 2553 1464 2576 2

258 2614 376 2698 coepit,
391 2622 422 2672 et
435 2608 559 2673 tandem
573 2606 612 2671 de
625 2610 728 2672 multis
742 2629 838 2671 unum
851 2628 985 2693 eumque
995 2610 1083 2672 omui
1094 2611 1214 2673 liberali
1222 2608 1363 2673 doctrina
1463 2623 1464 2656 t

255 2714 479 2801 politissimum
504 2714 623 2789 virum,
655 2725 686 2775 et
712 2714 744 2774 in
771 2714 873 2791 lingua
900 2722 1029 2797 utraque
1048 2714 1235 2793 singularem
1254 2734 1362 2800 prope,
1463 2721 1464 2800 l

255 2817 486 2898 Hieronymum
504 2814 674 2893 Woltium,
698 2816 823 2879 scholae
841 2827 873 2877 et
890 2816 976 2879 urbis
993 2829 1116 2879 restrae
1134 2828 1363 2897 ammentum,

256 2942 321 2983 non
343 2919 455 2999 exigua
476 2917 607 3003 praemii
626 2936 681 3003 spe
701 2919 860 3004 proposita
878 2920 981 2999 elegit.
1031 2938 1123 3003 quem
1142 2918 1281 2980 laborem
1300 2919 1363 2983 boc

255 3023 401 3086 libentius
422 3020 571 3107 suscepit,
598 3040 658 3105 quo
678 3018 833 3084 iuvandae
850 3021 1038 3107 posteritatis
1050 3020 1221 3085 studiosior
1232 3034 1264 3083 et
1277 3020 1364 3105 Fag-

256 3146 389 3207 geranae
406 3124 544 3187 familiae
562 3122 662 3187 laudis
681 3123 1112 3210 propagandaeavidiorluit.
1163 3122 1306 3188 sedeam
1318 3127 1362 3188 ob
1463 3143 1464 3160 ³

258 3229 405 3293 afflictam
424 3224 651 3307 valetudinem,
677 3248 695 3289 a
718 3248 777 3315 qua
791 3232 854 3291 lere
868 3229 1078 3316 nunquamflob
1091 3224 1252 3292 assiduum
1263 3229 1296 3292 in
1308 3229 1365 3292 lit·
1463 3261 1464 3284 ι

258 3334 333 3396 teris
353 3328 505 3407 studium,
527 3342 560 3392 ut
573 3350 631 3411 ego
645 3330 772 3416 quidem
784 3332 946 3410 existimo,
969 3333 1047 3395 liber
1059 3344 1123 3411 est,
1146 3334 1233 3396 solus
1246 3343 1364 3395 etvar-
1463 3309 1464 3364 3

258 3436 341 3500 sioni
358 3446 389 3499 et
405 3434 563 3521 scriptioni
579 3454 688 3498 vacare
702 3456 764 3497 non
777 3446 899 3521 posset,
918 3454 970 3497 me
984 3435 1059 3513 sibi,
1078 3433 1242 3499 accedente
1255 3444 1364 3497 aucto·

256 3540 348 3602 ritate
375 3550 406 3601 et
432 3538 561 3601 consilio
586 3534 711 3601 loannis
733 3536 892 3626 Baptistae
912 3538 1098 3617 Heintaelii,
1125 3539 1188 3602 riri
1208 3549 1240 3601 et
1259 3558 1365 3602 rerum

259 3640 485 3704 tractandamm
504 3662 562 3703 usu
582 3641 690 3703 eximii
711 3653 743 3703 et
762 3642 826 3704 mei
845 3642 1068 3721 amantissimi,
1096 3662 1113 3704 a
1133 3643 1220 3705 cuius
1237 3640 1369 3726 praedi-

259 3748 380 3808 catione
402 3746 518 3809 invitus
541 3742 712 3825 digredior,
742 3748 861 3808 socium
881 3746 1021 3807 laborum
1042 3743 1200 3829 adiunxit,
1231 3760 1368 3827 meaque

259 3870 350 3937 opera
371 3849 403 3911 iu
423 3846 626 3911 exscribendo
641 3848 765 3912 Zonara
777 3860 810 3912 et
823 3846 975 3912 Cboniate
987 3845 1106 3913 Graece
1118 3860 1149 3909 et
1162 3844 1366 3911 Latineultra
1463 3919 1464 3922 Ἴ

258 3953 411 4032 integrum
435 3972 550 4015 annum
575 3972 649 4015 usus
676 3964 741 4032 est,
768 3971 899 4036 eamque
923 3974 987 4015 non
1014 3970 1138 4037 pmrsus
1161 3948 1367 4035 improbavit.
1463 3973 1464 3984 ¹

259 4058 313 4141 qui
334 4056 385 4119 rel
404 4056 444 4118 ob
463 4048 522 4116 hoc'
541 4056 642 4117 minus
657 4055 760 4135 gravis
772 4055 853 4117 mibi
865 4074 936 4118 esse
951 4053 1072 4132 debuit,
1094 4048 1179 4138 quod
1192 4063 1224 4115 et
1235 4052 1364 4116 triennii
1444 4041 1464 4081 ‘3

260 4170 400 4244 sumptus
413 4156 564 4221 Antonius
578 4156 750 4239 ruggerus,
768 4178 806 4222 eo
818 4169 942 4236 exacto,
956 4156 1111 4244 pollicitus
1123 4167 1186 4235 est,
1201 4166 1234 4219 et
1245 4156 1361 4218 libera-

257 4262 377 4326 lissime
395 4261 490 4325 etiam
508 4262 675 4351 praestitit,
699 4273 731 4326 et
749 4280 808 4343 ego
827 4271 947 4325 tantum
965 4258 1106 4325 utilitatis
1120 4280 1163 4326 ex
1175 4256 1315 4327 doctriua
1328 4269 1362 4323 et
