2950 4800
498 280 715 373 munuum
739 280 774 349 v
797 280 828 349 t.
1144 278 1221 355 eor

104 470 309 551 Πτολεμαίου
330 458 555 558 πολιορκοῦντι.
606 468 624 535 ὅ
650 470 684 536 dd
705 461 805 535 ταῦτά
824 492 859 535 τε
879 466 1006 547 ἐδίξατο
1029 471 1081 535 καὶ
1099 472 1224 558 χρηστὰ

105 572 313 659 ἐπηγγέλλετο.
364 572 435 661 ύρτι
453 575 488 640 δὲ
502 575 559 659 τὴν
575 576 780 657 Πτολεμαΐδα
793 570 991 667 πορθήσαντι
1004 572 1182 659 άγγέλλεταί
1191 576 1224 640 oi
1240 588 1265 641 c

102 676 261 755 Ἀκέλαος
287 680 331 755 εἰς
352 677 526 765 Ἀρμενίαν
552 675 713 765 ὁρμήσας,
738 662 795 743 καί
807 676 861 743 διά
876 682 969 742 τοδτο
986 676 1131 763 ἀνεχώρει
1147 680 1227 766 πρὸς

106 780 163 864 τὴν
191 782 314 847 οἰκείαν.
365 788 422 867 τῆς
447 783 481 847 δέ
504 784 688 867 βασιλίσσης
714 784 821 859 δεινῶς
845 777 1037 876 νοσησάσης,
1071 780 1226 868 Ἀριστό-

81 890 223 969 5βουλος
245 881 354 973 λάθρα
374 882 554 965 ύπεξελθιδν
569 884 617 974 ᾔει
635 888 686 951 ini
700 886 740 953 τά
758 881 894 978 φρούρια
900 895 920 966 ,’
933 883 1012 950 ὅπου
1036 883 1067 949 oi
1087 892 1227 976 πατρῷοι

106 984 345 1073 κατετάχθησαν
370 992 471 1078 φίλοι,
504 986 602 1075 μάνης
624 996 682 1074 τῆς
702 989 847 1081 γυναικὸς
872 988 968 1053 αὐτοῦ
993 990 1165 1067 συνειδυίας
1188 995 1229 1077 τῇ

105 1090 232 1180 πράξει,
258 1096 311 1159 καλ
335 1089 491 1179 ύπεδίχθη
509 1094 589 1181 παρ’
608 1094 720 1161 αὐτῶν.
773 1092 945 1177 αἰσθομίνη
962 1093 996 1157 δέ
1010 1088 1032 1177 ἡ
1048 1091 1151 1178 μάτηρ
1169 1092 1229 1157 ad-

105 1204 165 1263 τοῦ
190 1196 246 1281 τὴν
272 1195 445 1286 ἀπόδρασιν
470 1200 522 1263 καλ
549 1197 596 1265 ὅτι
622 1184 788 1290 πάντατά
812 1191 948 1283 φρούρια
970 1193 1161 1282 ὑπηγάγετο,
1196 1198 1229 1263 ἐν

104 1296 225 1388 μεγάλη
242 1292 282 1385 ἦν
297 1309 420 1390 ταραχῇ
437 1304 488 1365 καλ
505 1298 584 1383 αὕτη
602 1300 653 1363 καλ
670 1295 705 1363 td
724 1296 832 1375 ἴθνος·
854 1296 961 1393 ἔθεντο
979 1300 1015 1365 δὲ
1029 1300 1085 1384 τὴν
1098 1307 1229 1386 γυναῖκα

60 1414 100 1470 10
109 1400 206 1470 ositeri
222 1407 274 1469 καὶ
290 1406 364 1481 τοὺς
380 1405 495 1478 παῖδας
512 1404 555 1479 εἷς
570 1400 606 1466 τὸ
623 1398 701 1487 ὕπέρ
715 1408 774 1468 τοῦ
787 1402 870 1489 ἱεροῦ
883 1399 1043 1491 φρούριον.
1079 1400 1230 1493 Ὑρκανὸς

106 1508 144 1573 δὲ
167 1509 220 1574 καλ
245 1507 275 1571 oi
300 1513 361 1571 τῶν
382 1506 540 1571 Ἰουδαίων
564 1502 767 1594 πρεσβύτεροι
790 1503 947 1589 μαθύντες
973 1504 1015 1583 ὡς
1041 1510 1074 1573 ἐν
1098 1504 1228 1596 ἦμίραις

103 1612 323 1676 πεντεκαίδεκα
343 1610 467 1696 χωρίων
490 1608 583 1675 εἴκοσι
606 1611 658 1675 καὶ
676 1608 732 1675 δύο
749 1606 914 1696 ἐκράτησεν
939 1608 956 1675 ὅ
977 1609 1227 1697 Ἀριστόβουλος
1241 1633 1267 1686 1)

104 1712 279 1779 καὶπολλὰ
296 1710 445 1799 συνήγαγε
459 1710 608 1799 χρήματα
624 1716 676 1778 καλ
693 1712 877 1801 συνήθροιζε
893 1710 1086 1801 στράτευμα,
1108 1717 1228 1782 ἐδίοντο

104 1824 166 1901 τῆς
189 1816 373 1901 βασιλίσσης
394 1814 574 1884 ὑποθέσθαι
596 1814 721 1903 γνώμην
743 1820 814 1904 περὶ
834 1816 1096 1907 Ἀριστοβούλου.
1147 1817 1169 1905 ἦ
1193 1820 1229 1886 δέ

56 1928 96 1983 15
107 1918 211 1986 οὗκίτι
228 1921 329 2003 μίλειν
346 1920 425 2009 αὐτῇ
441 1927 503 1987 τῶν
518 1918 708 2008 πραγμάτων
725 1923 854 1986 εἰποῦσα
862 1969 873 2002 ,
899 1918 942 2000 ὡς
957 1922 1020 2007 ἤδη
1038 1924 1227 2003 ἐκλείπουσα,

104 2024 203 2113 ἐφῆκε
227 2020 372 2111 πράττειν
393 2022 499 2101 adroic
521 2024 540 2089 δ
562 2023 721 2112 συμφέρον
737 2030 885 2111 κρινοῦσι.
935 2030 989 2091 καὶ
1004 2028 1075 2110 μετ’
1095 2028 1132 2093 ού
1148 2026 1228 2091 πολι)

103 2124 313 2213 τετελεύτηκε,
338 2124 552 2213 βασιλεύσασα
569 2125 622 2211 ἐτη
640 2128 742 2208 ἐννία,
766 2126 914 2211 βιάσασα
929 2130 965 2197 δέ
979 2131 1051 2219 τρία
1067 2133 1118 2197 καλ
1135 2128 1227 2215 ἕβδο-

104 2228 256 2317 μήκοντα.

213 2339 282 2416 Τῆς
309 2329 526 2422 Ἀλεξάνδρας
555 2334 659 2420 μέντοι
683 2333 845 2424 θανούσης
869 2336 965 2418 εύθύς
988 2332 1123 2425 πόλεμον
1147 2336 1227 2405 κατδ

56 2445 165 2505 θθτοϋ
182 2439 320 2527 ἀδελφοῦ
337 2435 354 2504 ὃ
368 2435 603 2526 Ἀριστόβουλος
617 2438 733 2528 ἤρατο,
765 2444 816 2508 καλ
832 2446 940 2508 πολλοὶ
957 2449 1019 2508 τῶν
1032 2447 1229 2532 στρατιωτῶν

102 2541 261 2632 Ὑρκανοῦ
283 2542 491 2628 αὐτομολοῦσι
513 2542 592 2630 πρὸς
611 2541 874 2632 Ἀριστόβουλον.
925 2541 943 2611 ὃ
967 2547 1002 2611 δὲ
1024 2543 1130 2635 φεύγει
1151 2544 1230 2633 πρὸς

108 2647 167 2732 τὴν
190 2642 373 2734 άκρύπολιν,
399 2645 479 2713 ἔνθα
501 2649 554 2712 καλ
576 2645 597 2731 ἢ
620 2645 872 2737 Ἀριστοβούλου
894 2647 972 2736 γυνη
993 2654 1044 2714 καλ
1067 2651 1098 2717 oi
1121 2653 1231 2726 παῖδες
1454 2718 1455 2721 ¹

108 2752 184 2840 πρὶν
204 2751 475 2836 κατεκλείσθησαν.
527 2753 570 2828 εἷς
586 2749 696 2839 λόγους
713 2752 748 2819 δ’
766 2751 911 2832 ἐλθόντες
927 2753 957 2819 οἳ
973 2753 1104 2844 ἀδελφοὶ
1120 2753 1229 2846 λύουσι
1242 2769 1266 2825 Ρ
1281 2764 1296 2811 1
1311 2759 1365 2812 m

1044 2855 1150 2910 s*

181 2939 355 3014 δάρκίλαος
370 2943 410 3000 As
427 2944 541 3018 Iosepho
558 2943 743 3013 Λεύκουλλος.
841 2913 1061 3025 WJA.
1159 2935 1230 2995 lut

182 3033 224 3070 om
240 3017 273 3070 Α.
387 3017 423 3072 13
440 3011 610 3086 συνήθροισε
626 3017 660 3066 Α.
762 3019 798 3070 21
813 3019 867 3065 του
882 3025 1009 3078 υρκανου
1026 3010 1060 3064 Α.
1267 3018 1273 3029 ·

107 3183 222 3242 msidem
245 3183 408 3237 obsidentem
432 3187 550 3236 mittunt.
585 3179 682 3249 quibus
701 3179 747 3233 ills
763 3178 880 3263 acceptis
895 3195 942 3230 eos
958 3176 1039 3230 bouis
1058 3175 1149 3230 animis
1169 3195 1229 3235 esse

105 3255 199 3311 iussit.
235 3254 283 3306 sed
299 3253 373 3306 modo
391 3259 500 3304 vestuto
514 3248 678 3303 Ptolemaide
694 3247 728 3302 de
745 3249 839 3302 Aesius
848 3248 878 3300 iu
890 3248 1041 3302 Armenian
1054 3247 1231 3317 impressione

109 3325 212 3380 certior
229 3325 315 3376 iectus
332 3323 435 3376 domum
451 3337 483 3373 se
499 3319 535 3373 sd
553 3337 601 3374 sus
618 3318 717 3371 tuende
731 3317 839 3390 recipit.
874 3333 932 3370 cum
949 3323 1036 3387 autem
1054 3318 1147 3388 regine
1164 3337 1229 3388 gre-
1330 3326 1336 3348 ¹
1452 3360 1453 3387 ,

108 3396 185 3448 viter
202 3399 370 3461 aegrotaret,
388 3390 557 3444 Aristobulus
575 3389 640 3442 dum
660 3403 785 3457 egressus
802 3387 914 3441 sustolle
930 3387 999 3440 sdiit
1013 3389 1109 3458 quibus
1123 3390 1231 3458 paterni

109 3463 191 3518 surici
215 3469 373 3530 praeerant,
398 3460 456 3512 sole
477 3475 562 3512 uxore
585 3457 641 3509 eius
665 3457 704 3510 rei
728 3457 850 3524 conscie,
876 3464 906 3509 et
922 3457 957 3511 sb
973 3457 1007 3509 iis
1024 3466 1162 3528 susceptus
1179 3468 1231 3514 est·

109 3532 188 3586 cuius
206 3533 271 3600 iuge
288 3537 318 3582 et
334 3529 501 3582 castellorum
519 3527 632 3580 omnium
651 3528 826 3598 occupatione
842 3533 928 3580 muter
945 3528 1070 3596 cognite,
1096 3547 1148 3581 non
1170 3531 1232 3600 ipsu

108 3609 215 3656 tuntum
240 3599 286 3652 sed
308 3599 421 3670 populus
445 3598 524 3650 etium
541 3595 678 3650 admodum
694 3597 860 3666 perturbati,
885 3612 995 3650 uxorem
1013 3599 1070 3650 eius
1087 3606 1116 3651 et
1132 3600 1232 3654 iiberos

108 3671 141 3724 in
167 3669 302 3724 castelium
328 3669 398 3739 quod
422 3683 504 3788 supro
525 3666 650 3736 tempium
667 3675 709 3719 est
726 3667 928 3720 transtulerunt.
960 3667 1103 3736 Hyrcanus
1122 3687 1187 3721 vero
1204 3677 1233 3721 et

109 3739 272 3794 Iudaeorum
295 3739 416 3792 seniores
440 3737 487 3788 ui
511 3735 662 3788 didicerunt
682 3735 863 3792 Aristobuium
888 3737 982 3789 diebus
1005 3739 1039 3789 15
1062 3738 1179 3790 castellis
1196 3739 1232 3791 λθ

108 3807 227 3882 potitum
244 3823 319 3872 esse,
338 3825 371 3858 so
386 3821 506 3878 ruegnem
543 3805 661 3858 ecunism
680 3813 707 3858 et
725 3806 869 3859 exercitum
888 3807 1020 3876 coegisse,
1037 3807 1156 3873 reginem
1172 3823 1234 3859 ors-

110 3886 178 3932 runt
201 3883 233 3930 ut
260 3881 406 3946 exponeret
429 3874 494 3944 quid
532 3874 608 3926 silio
626 3875 798 3927 statuendum
815 3882 895 3928 esset.
931 3891 965 3927 es
988 3891 1054 3926 vero
1071 3891 1101 3928 se
1117 3893 1162 3929 res
1179 3893 1232 3928 non

111 3945 225 4017 emplius
245 3961 353 4012 curare,
379 3949 410 3997 ut
426 3961 495 4015 quse
512 3943 617 3998 iamiam
634 3944 761 3997 moritura
779 3951 865 4010 esset,
882 3943 966 4010 dixit,
984 3943 1097 4014 stipsis
1114 3945 1234 4017 permisit

109 4025 144 4069 ut
170 4031 203 4068 ee
227 4020 340 4084 egerent
358 4030 425 4085 quae
443 4033 477 4066 ex
494 4031 524 4066 re
541 4014 649 4086 publice
666 4031 726 4068 esse
743 4013 900 4068 iudicarent.
937 4029 988 4065 nec
1003 4015 1085 4068 multo
1103 4024 1168 4087 post
1184 4033 1232 4070 ex·

112 4084 215 4140 stincte
231 4091 290 4152 est,
314 4101 381 4136 enno
398 4085 477 4151 regui
492 4083 525 4150 9,
550 4083 649 4154 estatis
666 4081 711 4139 73.
1230 4129 1235 4134 .

217 4154 309 4208 Matre
326 4153 450 4205 defuncte
466 4153 632 4207 Aristobuius
651 4154 741 4210 stetim
757 4153 885 4221 Hyrcano
902 4153 995 4220 irstri,
1014 4153 1144 4206 militibus
1160 4153 1232 4208 iilius

112 4223 201 4278 multis
219 4224 356 4295 adipsum
373 4221 572 4290 deficientibus,
592 4223 688 4278 bellurn
705 4224 797 4276 inient.
832 4221 877 4290 qui
894 4239 952 4275 cum
969 4223 997 4275 in
1013 4239 1117 4292 urcem,
1134 4222 1161 4275 in
1178 4241 1232 4294 qus

112 4293 211 4349 dudum
235 4290 383 4350 Aristoteli
406 4307 475 4346 uxor
496 4301 525 4347 st
547 4293 625 4348 liberi
641 4293 760 4348 conclusi
776 4293 898 4361 merent,
925 4293 1108 4363 confugisset,
1132 4293 1233 4353 fratres
