2950 4800
519 321 768 396 PRAEFA'I‘IO.
1136 351 1197 398 xrs

87 511 261 581 domestice
282 508 506 578 consuetudine
525 512 642 580 Wolfii
662 512 749 602 cepi,
772 525 808 578 ut
825 513 893 580 eius
908 511 1024 584 laboris
1035 535 1198 604 nunquam

87 641 145 685 me
158 618 314 708 paenitere
327 613 475 680 debeat.”
525 613 675 682 hactenus
688 617 753 680 itte.

192 719 357 786 Caeterum
368 742 431 784 non
444 739 503 784 une
516 732 564 787 est
576 721 610 784 io
623 741 691 784 mss
705 717 865 784 codicibus
876 719 1018 787 &neree
1028 721 1196 790 Anneiiurn

85 823 306 912 descriptionis
323 824 421 903 ratio,
445 843 501 888 seu
520 844 624 887 terram
641 824 674 886 in
693 825 736 888 iia
754 834 1008 911 pertractaturum
1021 839 1196 914 spectentur

83 941 283 1012 argumente,
310 947 391 1014 quae
406 927 440 990 in
459 925 645 1014 quibusdam
663 947 705 992 ex
722 927 764 990 iis
783 926 818 991 in
836 927 1046 1009 marginibus,
1070 950 1126 994 seu
1139 931 1194 1017 qui

82 1029 260 1112 interdum,
284 1051 353 1094 cum
372 1049 456 1096 nore
475 1031 638 1094 inchoatur
655 1030 803 1111 materia,
823 1029 939 1118 inipso
954 1041 1101 1098 contextu
1115 1034 1197 1098 rituti

83 1147 291 1222 apponuntur.
341 1154 378 1198 ec
395 1145 476 1197 certe
493 1122 596 1220 quoad
612 1145 703 1198 notes
719 1135 797 1198 intes
807 1135 1011 1215 marginales,
1031 1155 1097 1201 uon
1109 1155 1198 1202 scm·

85 1259 148 1326 per
165 1239 259 1302 etiam
275 1235 406 1301 eaedem
418 1237 453 1300 in
465 1237 610 1302 omnibns
623 1237 851 1328 exemplaribus
864 1237 898 1300 in
911 1238 1021 1323 quibus
1033 1239 1196 1320 habentur,

84 1363 146 1406 nec
156 1341 252 1406 simili
266 1338 401 1405 dictione
414 1353 570 1406 exustae.
620 1340 654 1404 in
668 1337 856 1426 quibusdam
868 1351 1028 1427 prestere·
1038 1341 1195 1408 interdum

84 1447 191 1533 piures
212 1465 248 1510 sc
268 1445 437 1508 crebriores
451 1464 545 1530 quam
558 1443 592 1506 in
607 1443 695 1521 eliis,
720 1443 755 1505 in
769 1437 952 1527 quibusdam
965 1461 1022 1530 per
1032 1441 1196 1510 intervella

80 1548 279 1630 longiuscule
291 1547 453 1612 breviores
465 1556 637 1611 occurrunt.
685 1544 718 1606 in
732 1543 802 1608 eliis
815 1541 950 1631 denique
960 1565 998 1608 ac
1011 1547 1197 1632 antiquiori·

85 1655 144 1718 bus
157 1650 317 1715 codicibus
330 1651 434 1714 nullae
446 1648 512 1712 iere
526 1669 648 1734 semper
658 1645 819 1712 habentur.
868 1649 975 1712 scribit
987 1648 1054 1714 Leo
1063 1649 1196 1718 dilutius

84 1753 118 1819 in
131 1753 278 1818 Distribs
292 1750 333 1815 de
344 1750 487 1832 Georgiis
500 1751 553 1814 ubi
566 1748 606 1814 de
620 1748 760 1815 cedreno
774 1739 891 1833 agitl),
904 1762 1028 1816 entare
1038 1753 1071 1816 in
1083 1755 1198 1821 biblio·

85 1857 182 1922 theca
210 1855 366 1920 Siortiaua
393 1851 528 1918 codicem
553 1855 711 1934 ingentem
739 1853 869 1935 Georgii
896 1854 1054 1937 Scylit‘sae
1077 1879 1196 1922 nomen

86 1959 332 2048 praeferentem,
351 1959 421 2020 licet
440 1957 547 2021 uuicos
563 1955 713 2020 duntaxat
726 1957 1016 2023 ZonrraeAnnaies
1030 1961 1196 2027 cont‘ureat.

87 2061 144 2128 sed
166 2073 199 2127 et
217 2063 299 2126 inter
312 2059 433 2124 codices
444 2061 604 2126 Palatinos
617 2059 753 2124 Romam
767 2059 917 2126 advectos
929 2083 965 2126 se
977 2061 1097 2127 vidisse
1109 2065 1198 2130 eius-

87 2164 162 2230 dem
173 2165 317 2230 Zonaras
329 2164 493 2228 historiam
506 2163 658 2253 principio
672 2165 832 2244 mutilam,
849 2184 869 2225 ι
882 2165 1063 2228 monarchia
1075 2164 1197 2232 Rome·

87 2290 200 2334 uorum
221 2268 441 2356 incipientem,
478 2268 512 2332 iu
534 2286 611 2353 qua,
646 2266 706 2330 etsi
728 2269 812 2332 notis
836 2269 877 2331 ab
897 2268 1028 2334 historie
1052 2267 1195 2350 dismis,

86 2373 261 2462 preebmrm
287 2383 337 2435 est
360 2371 392 2435 Γ
389 2357 513 2455 supplosi
537 2375 592 2437 soi
618 2369 780 2455 Σκυλίτζη.
829 2391 909 2458 quae
930 2369 1058 2459 quidem
1080 2371 1196 2455 differt,

86 2478 205 2561 inquit,
225 2476 264 2539 ab
284 2473 370 2539 edito
389 2474 529 2554 Zonara,
551 2472 635 2562 quod
647 2476 681 2537 in
695 2476 795 2561 cupita
810 2473 913 2539 divise
926 2477 1042 2560 ubique
1055 2496 1198 2539 summa-

87 2580 140 2642 rie
162 2581 291 2665 capitum
311 2578 469 2643 exhibeat.
514 2572 579 2641 “an
600 2575 816 2641 summarum”
839 2574 944 2639 subdit
961 2576 1197 2642 idem'diirtius

84 2677 219 2745 “ructor
238 2680 391 2765 Scylitzes
410 2680 494 2745 iste‘t
519 2699 559 2743 an
579 2690 743 2767 propterea
756 2680 809 2742 vel
821 2675 930 2742 fraude
944 2699 1000 2742 sua
1014 2682 1067 2746 vel
1079 2680 1199 2747 exscri-

86 2796 214 2873 ptorum
231 2785 393 2849 oscitantia
407 2782 557 2847 historiae
571 2792 677 2845 auctor
691 2780 955 2847 comminiscitur?
978 2802 1035 2847 seu
1048 2785 1198 2867 tingitur?

90 2887 172 2953 unde
193 2909 319 2977 prorsus
341 2888 412 2951 licet
432 2886 583 2951 coniicere
603 2888 715 2949 brecco
733 2905 837 2949 rerum
854 2897 1032 2968 ergumente
1046 2909 1110 2953 non
1124 2908 1197 2953 esse

89 2992 188 3082 ipsius
206 2992 367 3073 Zonaras,
396 3002 462 3055 tum
476 3011 519 3054 ex
531 3011 571 3054 eo
585 2989 680 3053 etiam
694 2986 778 3075 quod
792 2988 926 3055 diversis
939 3010 1034 3078 srepe
1047 3002 1197 3080 concepte

91 3096 194 3163 tarbis
207 3096 363 3175 legantur,
383 3105 451 3157 tum
462 3092 562 3180 quod,
580 3106 614 3156 ut
625 3095 728 3174 attigi,
744 3093 829 3158 vurie
840 3091 1031 3174 marginibus
1044 3094 1196 3176 codicum,

93 3199 165 3263 alibi
186 3194 303 3261 scilicet
321 3198 436 3281 rarius,
462 3196 537 3261 slibi
557 3197 684 3277 singulis
705 3198 805 3259 ferme
823 3194 962 3283 periodis
982 3198 1197 3284 appingantur.

93 3300 173 3388 quod
195 3322 292 3389 quam
310 3301 418 3365 inutile
439 3302 552 3365 situel
574 3320 614 3363 ex
635 3320 673 3363 eo
693 3309 793 3385 patet,
815 3296 898 3384 quod
918 3301 1011 3381 longe
1032 3302 1129 3368 setim
1149 3313 1197 3367 est

95 3426 171 3491 quaa
193 3406 227 3469 in
252 3416 399 3469 contextu
418 3404 552 3468 breviter
572 3400 723 3491 descripta
745 3404 897 3466 habentur
914 3406 1035 3485 legere,
1055 3426 1150 3491 quem
1163 3406 1197 3469 in

95 3511 302 3591 argumentis,
330 3527 400 3571 cum
427 3505 559 3572 totidem
585 3508 649 3569 iere
674 3526 799 3592 semper
822 3507 928 3571 verbis
955 3518 1107 3573 constent.
1158 3528 1196 3572 ee

22 3682 24 3689 ,
97 3614 313 3699 qualiacunque
341 3621 413 3677 sunt
440 3623 472 3675 et
497 3608 671 3675 cuiusmodi
697 3608 731 3673 in
758 3610 823 3674 suis
852 3610 1007 3674 codicibus
1034 3612 1197 3677 invenerat

96 3712 302 3800 Hieronymus
315 3714 456 3781 Wolbus
469 3714 501 3777 in
515 3714 693 3779 interiorem
708 3710 855 3777 editionis
869 3724 947 3777 suae
956 3715 1128 3797 marginem
1141 3736 1197 3779 seu

97 3814 133 3881 ad
148 3816 298 3885 Graecam
313 3818 487 3881 columnam
501 3814 552 3879 edi
564 3818 695 3895 curavit,
716 3827 747 3879 et
761 3837 831 3877 cum
844 3837 908 3879 non
920 3817 996 3879 tenti
1012 3816 1197 3897 viderentur,

25 3934 26 3939 ’
97 3940 201 3985 eorum
221 3922 329 3988 omisit
348 3922 649 4008 interpretationem,
670 3920 755 3983 notis
775 3920 845 3983 aliis
866 3920 1059 3987 brevioribus
1079 3922 1198 3986 Latinis

97 4021 135 4084 ed
151 4022 275 4090 alteram
289 4026 464 4087 coiomnam
474 4024 589 4111 pariter
600 4022 778 4109 adscriptis,
804 4042 883 4109 quae
897 4021 1028 4087 subinde
1042 4022 1196 4087 derorum

98 4129 281 4207 argumentis
293 4130 440 4193 lectorem
453 4126 666 4192 admonerent.
696 4128 806 4189 barum
815 4124 1196 4215 plerasqueiobacRegie

101 4276 292 4294 -ι-ι--ι

164 4358 200 4429 1,)
234 4360 342 4429 [mmo.
357 4352 404 4410 att
420 4352 455 4409 r·
470 4354 591 4433 mua·
607 4354 678 4425 egit,
695 4369 720 4406 ο.
737 4350 804 4425 ss]
