2950 4800
227 261 359 311 mvru
556 239 805 311 multotum
828 240 997 312 Womtt

226 431 393 495 musore
412 429 470 496 vax
489 428 675 496 mnsam.
725 441 762 494 ιιι
773 395 868 514 sota
878 417 980 496 osteo
991 428 1168 516 ιιιοφηιιι
1178 429 1292 493 nam·
1303 440 1337 493 a

227 553 306 623 pura
319 532 376 613 sit,
397 533 468 621 ipss
480 545 585 600 tamen
600 535 787 623 compositio
800 531 962 600 horridum
974 531 1126 620 quiddam
1138 543 1231 619 atque
1243 553 1337 621 sape

112 713 115 732 ¹
229 658 299 702 rum
320 647 427 718 sonu,
452 641 602 704 memhris
623 651 656 704 et
675 640 814 726 portibus
835 639 904 702 eins
921 658 984 703 non
1005 639 1104 702 multo
1117 639 1338 724 melinsqasm

227 761 322 806 mena
343 743 412 806 sine
429 745 510 807 calce
523 742 769 810 cohaerentibus.
820 761 902 826 qnae
913 741 993 807 vitia
1002 742 1206 829 quinetiagaro
1217 744 1338 821 volunt,

227 847 262 909 in
277 841 360 910 aliud
375 848 500 928 gratim
512 850 693 936 pleramque
707 843 862 926 incidunt,
888 857 923 909 nt
936 845 1012 909 dnm
1025 847 1161 911 orationi
1172 843 1339 932 poliendae

228 960 261 1014 ct
282 948 482 1014 exornandae
503 951 646 1039 impenso
668 947 808 1030 student,
841 951 882 1013 ah
906 951 1040 1014 auctoris
1062 951 1225 1014 sententiis
1247 951 1341 1030 longe

227 1054 386 1135 aberrem,
411 1065 444 1117 et
464 1055 653 1136 gravissimo
672 1052 824 1141 perfidiae
843 1054 972 1118 minine
986 1075 1022 1118 se
1035 1055 1238 1134 obstringant.
1288 1054 1340 1116 his
1463 1070 1464 1127 j

230 1155 442 1222 incommodis
463 1171 552 1222 acute
574 1158 759 1246 perspectis,
784 1175 910 1221 summo
932 1157 1061 1240 ingenio
1082 1169 1115 1220 et
1134 1155 1275 1221 doctrina
1292 1156 1343 1221 vir

230 1257 367 1326 loannes
387 1257 536 1327 lorianos
558 1261 716 1328 Pontanns
737 1262 894 1348 praeclare
912 1258 1051 1348 scripsit,
1076 1263 1170 1324 malls
1183 1281 1343 1346 sequem-

232 1385 293 1450 que
313 1365 423 1429 afferre
443 1385 517 1446 sus,
542 1386 636 1452 qoam
649 1366 762 1431 offerre
775 1365 893 1428 alienat
918 1378 949 1428 et
963 1362 1047 1450 quod
1061 1364 1202 1450 scripsit,
1226 1366 1296 1451 ipse
1308 1365 1343 1428 in
1463 1402 1464 1409 ι

232 1465 371 1532 doctrina
392 1489 516 1533 mor-nm
536 1481 569 1532 et
585 1491 689 1534 rerum
705 1470 886 1534 caelestium
898 1466 1082 1556 explicanda
1096 1468 1185 1547 iecit,
1207 1468 1344 1554 ophilo·

232 1572 341 1658 sophis
356 1582 388 1633 et
402 1571 566 1652 astrologis
579 1574 678 1659 petita
691 1574 839 1651 materia,
860 1593 955 1658 qnam
967 1594 1025 1638 sno
1039 1573 1187 1635 arbitrato
1201 1582 1234 1634 et
1247 1572 1346 1636 collo·

233 1684 316 1736 caret
329 1684 360 1736 et
373 1686 546 1738 exornaret.
598 1673 655 1738 sed
668 1676 748 1738 tanti
759 1676 822 1739 tiri
835 1677 1014 1762 exemplum
1028 1697 1087 1756 ego
1099 1676 1234 1753 imitari,
1252 1695 1344 1762 prae·

233 1777 342 1840 sertim
355 1776 390 1840 in
403 1778 463 1841 hoc
478 1777 583 1865 scripti
597 1797 725 1858 genere,
753 1787 785 1839 et
797 1778 917 1857 ingenii
929 1781 1080 1842 tenuitate
1093 1790 1127 1842 et
1140 1779 1210 1842 aliis
1224 1780 1347 1842 incom-

233 1878 339 1944 modis
352 1879 538 1968 impeditus,
559 1902 659 1966 neque
673 1880 795 1967 possim
808 1899 909 1965 neque
923 1882 1036 1944 ausim.
1086 1879 1164 1945 illud
1175 1881 1257 1944 mihi
1270 1885 1347 1946 satis

233 1984 309 2065 tuit,
330 1995 366 2048 nt
378 1987 547 2049 sententias
560 1986 643 2048 hona
656 1983 720 2048 lide
733 1980 958 2070 appenderem,
979 1994 1013 2044 ot
1025 1981 1175 2066 dictione,
1198 1998 1349 2069 quantum

235 2088 304 2174 ipse
318 2100 424 2153 auctor
438 2101 469 2153 et
483 2089 634 2154 orationis
647 2107 740 2152 mese
750 2098 916 2174 paupertas
925 2096 1097 2172 pateretur,
1112 2106 1207 2171 qnam
1216 2089 1348 2152 minime
1463 2118 1464 2121 ¹

234 2211 347 2278 aspera
367 2204 469 2256 uterer
489 2204 542 2255 sut
559 2193 700 2257 barbara.
751 2211 809 2254 neo
829 2201 935 2254 tamen
949 2191 1020 2277 ipsc
1031 2189 1112 2252 mihi
1125 2190 1239 2275 abique
1253 2191 1349 2254 satis·

231 2295 312 2372 deci,
339 2306 370 2358 et
386 2296 419 2358 in
435 2315 526 2360 meae
538 2295 728 2360 infelicitatis
742 2306 830 2382 parte
842 2295 1022 2373 numeravi,
1046 2290 1131 2378 qnod
1144 2293 1351 2358 insumerem

236 2399 470 2464 luculentiorem
493 2422 558 2465 non
580 2398 774 2465 incidissem.
822 2420 887 2462 non
908 2394 993 2483 quod
1012 2398 1094 2460 hunc
1113 2393 1349 2484 reprehendam,

131 2506 136 2515 '
237 2500 296 2567 sed
310 2502 394 2589 qnod
407 2524 518 2569 vereor
532 2492 572 2567 ne
586 2506 625 2567 ah
639 2506 708 2568 aliis
720 2504 790 2591 ipse
800 2500 1026 2589 reprehendar,
1052 2502 1106 2587 qui
1118 2502 1199 2565 nihil
1211 2502 1275 2565 nisi
1288 2502 1351 2565 flo-

238 2626 307 2670 rem
325 2606 472 2672 dictionis
492 2620 676 2695 sequuntur,
700 2609 755 2693 qni
767 2611 906 2694 profecto
918 2606 953 2668 in
966 2606 1118 2670 brevitate
1130 2597 1289 2669 annalium
1300 2608 1351 2671 lo·

239 2730 311 2774 cum
324 2714 507 2779 nonhabet.
557 2715 728 2777 ubertatem
741 2711 826 2775 Livii
839 2710 986 2796 qnaerisi
1012 2721 1044 2772 st
1056 2708 1208 2773 omtionis
1220 2708 1351 2774 divitiae

239 2833 311 2875 cum
329 2826 509 2901 paupertate
527 2836 631 2879 rernm
644 2818 876 2896 coniungentur.
927 2810 1120 2893 diligentium
1130 2815 1164 2876 in
1177 2813 1353 2877 minutissi-

239 2916 301 2981 mis
316 2918 487 3003 qoihusqne
499 2917 723 3004 persequendis
734 2917 898 3004 postulas?
920 2917 1050 3002 atquiin
1061 2913 1352 2981 immensnmvoln·

239 3039 314 3083 men
336 3034 492 3085 excrescet
511 3022 659 3103 historia,
681 3042 740 3085 nec
761 3022 827 3085 ism
845 3018 1067 3107 compendium
1080 3022 1139 3084 erit
1152 3018 1208 3084 sed
1223 3019 1353 3108 dispen-

241 3120 329 3187 dium
348 3134 403 3188 aut
419 3127 524 3211 potius
537 3128 663 3189 lunum.
714 3144 789 3189 nom
803 3144 898 3212 quem
910 3124 1073 3211 prolixitas
1085 3126 1281 3191 voluminum
1295 3122 1354 3189 de·

240 3226 346 3308 lentat,
365 3229 394 3292 is
408 3250 472 3293 non
488 3232 641 3317 epitomas
656 3226 711 3294 sed
724 3229 873 3293 historias
884 3231 977 3309 legat.
1027 3248 1105 3313 quas
1117 3230 1147 3293 si
1159 3249 1270 3293 omnes
1283 3250 1355 3293 me-

240 3330 348 3410 minit,
367 3334 446 3396 hena
460 3344 524 3397 ast:
542 3334 592 3397 sin
605 3335 725 3414 minus,
738 3333 863 3398 Zonara
877 3343 1026 3418 tanquam
1037 3330 1141 3395 indica
1154 3344 1186 3397 et
1197 3334 1355 3397 monitore

241 3444 360 3515 utatnr;
385 3456 421 3499 ac
437 3438 549 3518 cogitet
562 3438 639 3502 nihil
653 3440 692 3503 ah
706 3438 795 3502 omni
806 3448 893 3525 parte
906 3439 1032 3500 beatum
1046 3457 1133 3517 esse,
1158 3448 1191 3500 et
1201 3436 1355 3523 multipli-

151 3574 154 3579 ,
243 3557 312 3602 cem
333 3540 491 3605 variarum
512 3563 615 3605 rerum
635 3542 670 3605 in
691 3562 754 3606 uno
775 3563 840 3605 non
859 3539 1051 3627 usqueadeo
1065 3561 1181 3622 magno
1194 3541 1356 3607 volumine

245 3642 456 3723 cognitionem
476 3647 551 3728 styli
568 3642 792 3726 incommodis,
816 3646 845 3709 si
865 3665 927 3729 qua
944 3657 1033 3725 sunt,
1054 3656 1222 3733 comparet.
1274 3664 1356 3730 quae

244 3746 324 3811 ratio
337 3766 390 3810 me
403 3770 526 3835 quoque
537 3750 639 3817 movit
651 3763 685 3813 nt
696 3772 760 3815 non
773 3750 1023 3834 conquiescerem
1034 3750 1121 3836 prius
1134 3768 1229 3835 quam
1243 3768 1358 3812 saxum

245 3848 322 3931 hoc,
337 3840 500 3936 quod'toto
512 3854 573 3919 hoc
586 3874 669 3919 anno
682 3853 822 3933 versam,
836 3850 1006 3917 admontis
1017 3874 1165 3916 cacumen
1174 3850 1358 3941 perductum

245 3952 374 4019 tandem
396 3956 561 4043 aliquando
584 3958 792 4038 constitisset,
816 3957 936 4038 ingenti
955 3956 1061 4044 ntique
1080 3959 1188 4021 labore
1204 3968 1237 4021 et
1249 3956 1358 4020 multis

245 4057 426 4141 sudoribus,
445 4080 626 4147 quocunqne
638 4059 767 4125 modam
779 4072 903 4124 eventu.
953 4080 1028 4124 nam
1041 4072 1076 4125 nt
1090 4059 1130 4125 da
1142 4060 1358 4126 conversionis

246 4160 346 4247 ipsius
368 4165 524 4229 aerumnis
546 4177 682 4246 taceam,
704 4176 853 4249 quantum
872 4163 1062 4229 difficultatis
1081 4166 1117 4229 in
1133 4166 1205 4252 ipsa
1225 4166 1359 4229 lectione

246 4265 305 4328 suit
326 4268 368 4331 ob
390 4266 580 4333 characteres
602 4268 853 4349 elegantissimos
872 4270 946 4334 illos
966 4268 1094 4356 quidem
1108 4268 1165 4335 sed
1178 4272 1259 4334 lectu
1272 4267 1359 4332 diffi-
