2950 4800
225 303 298 354 xxx
559 279 806 354 tamaotttttl
827 279 995 357 wolon

223 482 314 548 facile
335 475 430 544 totius
451 473 537 543 ritae
559 495 682 539 cursum
700 469 807 553 ridet,
831 469 874 536 ad
893 492 1025 560 eamque
1043 468 1216 555 degendam
1232 495 1326 563 prae-

222 596 311 676 parat
330 603 381 647 res
402 579 606 658 necessarias,
627 579 686 642 rix
706 577 843 642 bominis
861 578 989 640 nomine
1003 574 1115 660 dignus
1127 589 1175 642 eat
1188 578 1242 664 qui
1254 601 1326 644 me·

221 691 322 754 moria
345 699 375 750 et
396 685 582 767 cogitatione
603 683 680 744 ultra
703 701 794 744 suam
812 691 947 744 aetatem
960 702 1022 744 non
1036 680 1237 768 progreditur.
1288 703 1325 746 ac

221 790 425 882 praescientia
446 809 549 852 rerum
570 789 756 864 suturarum,
782 783 811 848 ai
833 803 894 868 qua
916 795 978 863 eat,
1004 782 1106 848 dirini
1127 787 1230 871 potius
1253 805 1326 850 esse

222 894 360 961 muueris
376 913 469 979 quam
486 889 615 952 humani
627 888 745 966 ingenii
759 885 908 950 creditur:
934 885 995 950 etai
1008 909 1071 950 non
1085 886 1197 952 dmuot
1209 890 1263 974 qui
1274 891 1327 956 rel

221 997 330 1064 natura
343 997 463 1060 incitati
475 995 527 1057 rel
544 1003 607 1055 arte
620 989 718 1054 adiuti
731 992 783 1055 rel
795 1011 854 1055 usu
866 1011 969 1054 rerum
983 974 1084 1054 edocti
1098 1012 1135 1056 ee
1147 991 1329 1079 praedicunt

222 1124 302 1192 quae
325 1104 422 1165 mullo
445 1095 637 1184 postfutura
660 1105 741 1158 aunt.
792 1113 871 1179 quae
891 1092 1017 1179 quidem
1035 1095 1163 1159 facultas
1183 1107 1216 1158 et
1234 1095 1328 1160 latius

221 1216 338 1296 peteret
361 1214 393 1266 et
415 1202 512 1264 multo
536 1209 620 1262 esset
641 1197 804 1276 illustrior,
830 1197 860 1259 si
882 1197 941 1259 tria
964 1197 1041 1259 baec
1063 1199 1097 1262 in
1116 1219 1179 1262 uno
1198 1198 1328 1264 bomine

220 1311 488 1388 coniungerentur:
514 1302 748 1391 praeteritarum
772 1299 1052 1386 autemiguoratio
1071 1301 1106 1366 in
1125 1301 1253 1366 homine
1271 1303 1325 1366 lit·

218 1413 294 1478 teria
319 1413 372 1476 rel
399 1406 595 1490 mediocriter
618 1405 740 1468 imbuto
766 1403 824 1468 rix
849 1405 945 1467 ullam
965 1403 1061 1467 babet
1082 1407 1326 1471 excusationem.

219 1514 425 1602 nequeenim
444 1511 478 1574 in
496 1512 571 1587 hac,
604 1509 780 1587 crinita,
809 1509 863 1572 rel
883 1503 924 1571 de
942 1507 989 1571 rei
1010 1506 1189 1587 difficultate
1210 1511 1263 1574 rel
1284 1508 1325 1574 de

219 1632 346 1686 naturae
373 1625 498 1679 nostrae
523 1610 732 1674 imbecillitate
753 1611 841 1694 queri
859 1631 1044 1698 mantuus,
1066 1611 1123 1676 aed
1142 1613 1195 1678 rel
1213 1612 1324 1701 supina

219 1720 405 1802 negligentia
422 1718 475 1781 rel
490 1713 648 1802 occupatio
662 1732 891 1798 supervacanea
904 1716 957 1778 rel
968 1715 1062 1777 inane
1075 1716 1243 1804 voluptatis
1256 1727 1325 1780 atu-

219 1825 307 1891 dium
328 1823 450 1910 culpem
469 1837 597 1884 omnem
617 1815 758 1879 sustinet.
808 1813 879 1899 quia
895 1815 981 1877 enim
993 1817 1135 1881 omnium
1147 1819 1325 1884 mortalium

218 1932 263 1996 ita
285 1927 419 2008 negotiis
440 1923 578 1988 obruitur
597 1918 688 2005 quin,
721 1919 750 1980 si
772 1937 884 2005 parcus
903 1927 935 1979 et
957 1917 1094 2003 prudens
1115 1922 1156 1984 ait
1174 1923 1324 2009 temporis

217 2027 437 2122 pretiosissimi
456 2039 488 2091 et
507 2021 713 2112 irreparabilis
732 2019 870 2084 thesauri
887 2017 1099 2106 dispensator,
1124 2041 1219 2086 unam
1232 2037 1325 2110 atque

219 2137 348 2201 alteram
369 2134 480 2195 horam
500 2125 632 2209 legendo
651 2120 893 2208 meditandoque
912 2125 1029 2208 absque
1045 2125 1108 2187 ullo
1123 2123 1324 2192 incommodo

95 2217 98 2226 Α
217 2237 405 2306 valetudinis
429 2245 460 2296 et
482 2251 586 2296 rerum
609 2248 735 2293 auarum
755 2225 920 2314 dispendio
935 2223 1074 2311 quotidie
1087 2228 1188 2313 poerit
1200 2231 1326 2316 impen-

218 2340 313 2407 derei
364 2336 508 2405 ridemus
530 2335 616 2399 enim
638 2331 749 2418 quibus
773 2329 880 2413 nugis,
905 2349 945 2391 ne
968 2328 1042 2415 quid
1065 2327 1167 2394 dicam
1188 2333 1323 2413 gravius,

216 2447 371 2535 plerisque
391 2454 513 2528 tempus
534 2448 656 2527 pereat,
683 2432 767 2522 quod
788 2436 881 2515 longe
900 2434 1013 2497 tectim
1033 2431 1138 2500 studio
1152 2436 1325 2524 sapientiae

216 2552 409 2615 tribueretur.
460 2564 517 2607 nec
549 2540 661 2609 iniuria
696 2540 747 2603 rir
781 2538 984 2619 gravisumus
1012 2534 1131 2601 Seneca
1159 2541 1324 2619 exclamat,

216 2673 364 2735 magnam
378 2650 461 2714 ritae
473 2656 594 2734 partem
605 2643 684 2709 nibil
696 2641 874 2722 agentibus,
893 2641 1047 2704 maiorem
1058 2644 1141 2707 male
1151 2644 1324 2723 agentibus,

215 2768 315 2823 totam
327 2751 409 2817 aliud
424 2750 585 2831 egentibus
598 2746 694 2825 elabi,
717 2765 817 2830 eoque
830 2744 899 2807 fieri
912 2756 946 2807 ut
958 2746 1133 2809 necessaria
1144 2748 1325 2828 ignoremus

216 2830 365 2947 quoniam
382 2869 608 2941 supervacanee
622 2846 832 2911 didicerimus.
880 2866 1109 2935 auperracanea
1124 2872 1216 2936 porro
1229 2850 1324 2913 intel-

214 2964 283 3043 ligit
295 2956 500 3025 immodicum
513 2954 704 3039 voluptatum
718 2949 848 3013 honoris
860 2950 1019 3036 potentiae
1031 2952 1241 3038 pecuniaeque
1255 2965 1324 3018 atu-

216 3064 322 3144 dium,
340 3060 513 3127 necessaria
528 3077 603 3122 rero
617 3053 864 3142 philosophiam,
883 3052 943 3116 boc
957 3063 1005 3118 eat
1018 3054 1223 3119 humanarum
1237 3054 1323 3121 diri·
1458 3101 1461 3111 .

215 3188 384 3254 uarumque
403 3184 506 3230 rerum
526 3159 751 3243 cognitionemt
776 3175 855 3241 quae
875 3156 905 3219 ai
923 3156 978 3219 ulli
995 3159 1172 3222 mortalium
1185 3162 1321 3246 perlecta
1454 3204 1468 3239 a

216 3274 420 3354 contingeret,
453 3262 537 3329 haud
561 3262 654 3326 dubie
676 3262 819 3326 omnium
841 3260 922 3323 oculi
942 3272 1034 3345 atque
1055 3262 1153 3327 animi
1172 3263 1207 3326 in
1228 3264 1320 3327 illum

214 3397 312 3440 unum
346 3384 494 3459 tanquam
529 3366 622 3431 deum
649 3362 805 3450 quendam
831 3374 1091 3431 converterentur.
1141 3384 1222 3429 nuuc
1247 3369 1320 3453 quia

214 3500 329 3545 nomen
349 3478 442 3541 inane
459 3472 549 3537 multi
567 3469 722 3547 iactitant,
744 3468 890 3555 perpauci
907 3470 1045 3533 remita
1065 3478 1136 3534 aunt
1152 3471 1267 3535 morati
1285 3482 1320 3534 ut

214 3594 296 3647 recta
320 3580 397 3645 ratio
420 3576 610 3667 postulabat,
636 3572 719 3634 litut
732 3592 783 3634 res
796 3572 864 3656 ipae
879 3572 973 3652 rotgo
986 3594 1050 3637 non
1063 3573 1264 3654 intelligatur,
1286 3585 1320 3637 et

213 3706 329 3763 nomen
352 3680 499 3748 odiosum
518 3698 615 3765 aeque
635 3688 726 3761 saque
741 3671 904 3737 ridiculum
917 3675 1075 3739 habeatur.
1124 3674 1219 3762 idque
1234 3674 1320 3741 baud

163 3806 183 3829 ⁸
214 3793 280 3857 acio
305 3808 398 3875 quam
420 3799 513 3850 recte.
563 3801 663 3867 neque
686 3778 772 3843 enim
793 3775 976 3865 disciplinae
994 3790 1048 3843 aut
1065 3777 1150 3844 ritae
1163 3800 1261 3861 genua
1275 3782 1318 3843 ob

212 3894 378 3959 hominum
400 3890 556 3954 inscitiam
579 3897 633 3948 aut
655 3881 889 3969 perversitatem
910 3881 977 3944 iure
998 3877 1179 3945 traducitur:
1211 3894 1243 3947 et
1263 3884 1319 3970 qui

212 4009 279 4062 tam
293 4014 401 4061 serere
414 3990 566 4068 iudicant,
591 4008 632 4051 ne
646 3984 833 4070 semetipsos
847 3981 989 4068 quidem,
1012 3986 1073 4048 uini
1084 3986 1200 4050 mentia
1213 4006 1319 4054 errore

213 4100 399 4175 afficiantur,
424 4094 607 4183 probabunt.
658 4088 803 4153 homines
820 4088 906 4150 enim
924 4100 996 4151 aunt
1008 4100 1042 4150 ut
1055 4088 1184 4169 caeteri,
1205 4102 1242 4158 ,et
1256 4091 1316 4155 iis·

1451 3399 1468 3453 it

1452 3500 1468 3560 'et'

1449 3612 1466 3662 *t

1447 3716 1466 3766 'a

1447 3813 1466 3875 a

1455 3923 1467 3981 :l

1452 4037 1467 4088 ll

1443 4133 1467 4196 lt

213 4203 286 4269 dem
305 4201 464 4265 allectibua
483 4195 631 4261 obnoxii:
656 4204 688 4255 et
699 4211 811 4277 parum
822 4191 948 4253 liberale
961 4200 1009 4255 eat
1020 4212 1118 4255 unum
1130 4204 1222 4278 atque
1236 4195 1316 4258 alte-
1441 4240 1456 4285 u

211 4329 281 4379 rum
294 4324 428 4372 naevum
440 4302 597 4386 exagitare
611 4295 813 4361 dissimulatis
825 4294 1005 4377 uirtutibus,
1026 4316 1156 4385 quarum
1165 4298 1200 4363 in
1211 4297 1316 4387 phito-

1441 4356 1467 4407 l*t
