2950 4800
596 244 839 314 Pttsnltstto.
1192 305 1195 312 ,
1229 267 1269 316 χι

162 455 225 498 sen
244 443 417 520 temporum
432 432 549 498 iniurie
559 445 666 498 essent
678 434 803 515 emissi,
823 454 880 498 seer
891 430 1095 515 negligentius
1108 433 1150 497 els
1161 433 1204 498 iis
1214 433 1269 502 in-

163 519 272 624 quisiti
283 537 393 622 quibus
406 536 440 601 id
455 537 572 619 negotii
585 535 713 602 dederet
724 529 760 621 .¹)
766 585 778 616 ,
804 536 881 601 dum
890 538 959 625 ipse
970 539 1104 602 extorris
1117 549 1149 602 et
1161 541 1270 625 procel

162 645 207 705 eb
227 641 301 703 urbe
318 641 353 703 in
373 662 468 728 peres
487 643 589 705 insule
607 641 705 708 ritem
725 653 847 723 egeret:
872 663 914 704 ex
926 644 1115 727 qootsetnm
1127 643 1270 723 agnoseit

161 754 199 807 nt
216 746 379 808 consulum
397 757 428 808 et
449 743 630 811 dictatorum
648 746 780 810 historie
792 745 899 810 minus
913 744 954 807 sit
966 746 1116 810 ondeta.
1165 765 1269 831 neque

160 869 256 934 porro
278 849 385 912 mirari
406 847 518 914 debere
540 846 644 914 subdit
664 851 828 929 lectorem,
854 848 930 911 siin
940 848 983 910 iis
996 869 1075 933 qnos
1086 849 1270 936 conenipsit

161 951 334 1015 Annslibus
354 954 529 1040 scriptionis
548 953 704 1016 character
717 954 831 1039 ubique
845 950 907 1014 sibi
918 952 1032 1016 sirnilis
1045 973 1109 1014 non
1121 964 1269 1034 occurret,

164 1072 238 1116 cnm
255 1055 342 1118 eliter
357 1056 427 1119 fieri
439 1057 496 1122 vix
508 1069 616 1142 quest,
638 1068 672 1120 nt
685 1057 738 1142 qui
751 1055 914 1120 historiam
927 1057 1054 1121 etesiis
1068 1054 1268 1141 scriptoribus

163 1157 262 1222 velun
285 1157 399 1245 stipem
424 1161 553 1241 colligit,
580 1161 705 1225 illorum
725 1172 759 1224 et
778 1159 913 1224 dictione
933 1169 966 1222 et
986 1158 1216 1244 compositione
1233 1159 1270 1222 in

162 1261 270 1323 multis
293 1283 358 1326 non
379 1274 492 1328 utsmr.
542 1261 627 1350 quod
647 1265 691 1326 ite
713 1275 819 1328 temen
840 1263 987 1340 confecit,
1008 1259 1215 1346 utsieliquid
1228 1259 1271 1329 de

163 1383 223 1426 suo
242 1365 445 1446 interiecerit,
468 1365 502 1432 id
522 1369 606 1430 illius
627 1367 699 1430 stilo
721 1385 816 1452 quem
828 1366 1013 1448 sequebatur
1025 1365 1155 1428 sonoris
1169 1385 1270 1449 ques·

160 1477 231 1528 tum
253 1467 323 1532 lieri
343 1471 446 1556 potuit
465 1467 765 1547 nccemmodeverit,
792 1489 833 1530 ne
855 1465 1031 1554 scriptionis
1051 1467 1132 1530 rstio
1156 1487 1176 1529 e
1198 1488 1269 1532 sess

160 1569 278 1654 ubique
292 1569 446 1636 dissidere
457 1571 634 1636 rideretur:
659 1591 728 1633 cum
739 1570 862 1634 interim
871 1571 933 1632 slis
944 1571 1038 1650 longe
1049 1589 1143 1654 quem
1156 1569 1272 1638 meteri

159 1673 218 1757 qui
237 1693 289 1736 res
308 1675 542 1755 chronologicae
555 1675 700 1739 mesenus
713 1685 931 1753 maererent,
956 1674 1091 1736 snneles
1102 1694 1178 1740 suos
1192 1694 1270 1738 oon-

156 1775 331 1854 seriberet,
355 1797 406 1840 res
426 1797 539 1864 nempe
558 1776 646 1862 qussi
668 1773 709 1839 de
728 1797 787 1840 suo
810 1796 1000 1864 componens
1019 1787 1051 1840 et
1068 1789 1211 1858 nerrsos,
1235 1788 1271 1840 et

157 1875 251 1964 quod
273 1875 365 1940 leude
388 1876 513 1960 dignum
536 1889 584 1944 est
606 1897 705 1965 esque
729 1899 869 1960 summe,
900 1901 965 1944 non
986 1881 1159 1944 ndenornm
1177 1881 1270 1944 furtis

157 1982 308 2068 plensunt
333 1994 473 2068 ceptens,
506 2003 609 2068 neque
627 1993 773 2047 treetstus
790 1985 928 2066 integros
947 1985 1141 2064 exemiltens,
1173 1981 1271 2048 etde

157 2083 231 2170 ipso
245 2083 370 2148 Zonere
383 2087 488 2150 scribit
501 2087 566 2150 Leo
579 2087 706 2150 dilutius
720 2076 771 2168 ²).

265 2185 339 2252 Non
358 2185 484 2254 defuere
497 2201 603 2253 temen
617 2190 671 2276 qui
684 2190 825 2254 censorio
838 2185 977 2276 quodem
988 2185 1105 2253 iudicio
1119 2199 1153 2251 ut
1165 2187 1271 2254 minus

163 2285 360 2372 diligentem,
394 2293 534 2356 menime
556 2295 610 2357 ubi
634 2291 675 2358 de
694 2295 788 2358 rebus
810 2292 964 2360 Romanis
984 2293 1064 2374 egit,
1096 2291 1269 2356 velliesrint

164 2405 257 2479 etque
284 2391 365 2459 edeo
392 2399 636 2484 perstrinxerinu
689 2391 843 2463 “omnis''
871 2398 973 2483 inquit
996 2398 1109 2461 nerum
1134 2398 1213 2461 slter
1231 2384 1269 2477 ⁸)

161 2490 254 2560 “ente
267 2496 505 2566 Constantinum
516 2502 623 2590 inepte
636 2512 669 2565 et
680 2522 792 2589 parurn
803 2500 966 2581 diligenter
979 2498 1141 2582 (derebus
1150 2497 1270 2563 Letinis

168 2599 294 2685 loquor)
313 2602 516 2691 explicnrit.²³
569 2604 626 2669 sed
640 2624 733 2689 quern
748 2624 826 2667 seno
838 2606 892 2666 ille
903 2600 1022 2665 indicio
1035 2601 1114 2663 hsec
1125 2598 1272 2663 effunderit

168 2703 220 2767 vel
248 2701 320 2771 inde
348 2716 450 2794 petet,
480 2704 566 2793 quod
593 2728 612 2770 s
637 2708 731 2793 psnlo
753 2705 949 2792 sequioribus
970 2702 1140 2783 indintbes,
1170 2704 1272 2788 iisque

164 2804 364 2893 pereruditis,
390 2810 552 2897 quibusvis
572 2810 797 2892 chronologicis
815 2810 936 2898 scriptis
949 2809 1113 2872 tmuium
1126 2806 1270 2873 Zonmee

164 2928 237 2996 pers
257 2912 311 2975 ille
329 2932 410 2999 quse
431 2934 482 2977 res
500 2914 628 2979 Letinss
647 2924 811 3002 pertrectat
827 2916 920 2996 longe
932 2924 1147 2999 anteponetur.
1196 2930 1271 2975 nem

165 3034 237 3077 eum
259 3014 293 3077 in
314 3016 511 3089 recensendis
531 3017 748 3083 Romanorum
768 3019 865 3099 gestis
887 3038 932 3081 ex
951 3016 1057 3081 Dione
1076 3014 1270 3103 prsesertim,
1293 3035 1298 3047 ’

165 3136 261 3202 quem
279 3119 410 3183 minime
429 3132 600 3187 nannetum
612 3132 648 3185 ut
660 3120 758 3187 hodie
771 3121 873 3185 editus
886 3130 936 3184 est
949 3117 1005 3184 sed
1019 3120 1172 3199 integrum
1184 3119 1270 3198 lege-

165 3232 230 3301 ret,
255 3223 386 3309 aliisque
409 3226 606 3312 scriptoribus
628 3226 682 3313 qui
700 3226 820 3312 periere
840 3236 1016 3311 temponrm
1036 3222 1164 3300 inieris,
1189 3221 1271 3285 lieno

166 3324 317 3390 historiae
337 3338 458 3414 partem
479 3332 681 3416 compegerit,
704 3328 872 3394 nesciere
891 3348 1016 3414 semper
1034 3338 1067 3390 et
1084 3327 1124 3389 eb
1137 3324 1271 3389 eliisin-
1304 3394 1308 3397 ,

166 3424 251 3491 dicte
273 3444 515 3496 commemoret:
539 3434 583 3497 ite
602 3444 637 3496 ut
656 3434 762 3497 multis
781 3433 815 3495 in
834 3431 912 3496 locis
924 3430 964 3497 de
975 3430 1073 3496 serbo
1085 3428 1127 3492 sd
1140 3428 1271 3495 verbm

166 3529 306 3597 Dionem
335 3536 537 3623 exscripsisse
565 3534 682 3601 dicetur
709 3557 727 3599 e
756 3535 923 3601 Goilleltno
949 3532 1132 3617 Xylendro,
1156 3532 1270 3597 Fulvio

165 3634 299 3717 Ursino,
330 3637 489 3707 Friderico
511 3640 676 3724 Sylburgio
700 3652 731 3703 et
753 3640 889 3703 Henrico
907 3637 1054 3715 Veleeio,
1086 3637 1176 3701 istius
1194 3636 1269 3699 scri·

167 3740 267 3825 ptoris
287 3738 415 3807 eruditis
434 3742 667 3831 interpretibus,
695 3746 806 3830 quibus
823 3746 951 3808 solenne
964 3752 1013 3806 est
1026 3762 1067 3804 ex
1081 3740 1205 3804 Zonere
1217 3748 1271 3801 ant

169 3841 272 3927 ipsum
298 3845 437 3911 Dionem
463 3847 630 3913 emendare
651 3860 704 3911 sut
724 3847 888 3913 Romanos
911 3848 1075 3935 scriptores
1097 3846 1177 3909 elios
1198 3842 1271 3905 itte

169 4034 373 4054 *un—n...-

240 4148 255 4201 1
309 4148 408 4205 Zonsr.
422 4150 470 4207 lib.
485 4150 506 4211 9
520 4168 548 4209 n.
564 4151 609 4209 st.

238 4217 255 4270 2
307 4220 342 4273 de
359 4222 462 4293 Georg.

237 4286 275 4354 3)
308 4291 379 4359 apud
395 4292 476 4345 stret.
492 4291 528 4347 de
544 4308 628 4357 error,
645 4306 732 4362 nsgn.
750 4288 834 4346 siren
850 4288 880 4345 in
894 4283 1006 4342 dicendo
1022 4298 1051 4353 p.
1068 4279 1129 4339 lte.
