2950 4800
240 275 338 326 mn
575 249 820 324 multorum
843 247 1008 326 wotrtt

240 437 692 531 urmtpouuuaomt,
708 415 1370 530 smmum-ormontem

241 547 461 636 deprevatum,
484 567 587 632 neque
610 547 737 611 inanem
762 547 922 611 exstitisse
936 544 1078 612 divim
1091 546 1346 624 exsecrationem,

241 673 313 714 cum
331 650 445 736 ubique
464 647 560 716 sudor
575 651 696 730 vultus,
716 651 832 736 ubique
844 650 948 714 tribuli
959 661 992 714 et
1003 652 1129 738 ιρὶιιιι,
1149 649 1265 734 ubique
1276 667 1346 714 ser·

240 754 344 843 pontis
363 751 498 818 insidiae
519 764 695 842 appareant.
749 753 869 816 boniet
881 750 1038 841 simplices
1051 754 1143 841 pauci
1155 762 1242 816 sunt:
1267 763 1300 814 et
1316 752 1346 815 si

241 858 393 943 quisunt,
412 857 527 922 iielies
541 877 596 944 per
607 852 1024 944 imprudentiaminiecinus
1035 868 1142 937 ruunt,
1163 855 1242 918 aliea
1252 855 1347 919 melis

179 985 191 1013 τ
239 960 392 1046 exemplis
416 971 665 1046 corrumpuntur,
688 959 766 1023 aliea
787 978 808 1021 a
828 960 970 1024 maximo
989 961 1203 1048 improborum
1216 969 1249 1022 et
1259 957 1347 1022 celli-

240 1061 352 1128 dorum
371 1083 501 1126 numero
522 1062 747 1149 opprimuntur.
797 1073 830 1125 et
852 1082 1030 1150 quanrprem
1041 1075 1170 1126 naturae
1182 1062 1347 1127 hominum

239 1165 303 1231 duo
316 1166 450 1246 insignia
462 1185 607 1244 munere,
623 1165 752 1229 facultas
762 1164 894 1230 radonis
906 1178 939 1232 ιι
949 1167 1099 1232 orationis
1112 1163 1263 1230 divinitus
1274 1174 1348 1229 sunt

241 1289 407 1348 concessa,
428 1269 539 1355 quibus
554 1265 595 1331 ad
609 1263 883 1355 contemplandum
894 1281 928 1334 et
939 1267 1155 1335 celebrandum
1168 1268 1262 1332 huius
1274 1268 1348 1332 uni·

241 1372 397 1439 versitatis
411 1371 570 1459 opificem,
597 1383 629 1436 et
641 1369 681 1434 ad
695 1369 845 1436 tuendam
855 1384 893 1437 ec¹
904 1371 1075 1440 iuvandam
1088 1373 1253 1437 bominum
1265 1372 1349 1436 inter

240 1475 329 1565 ipsos
349 1475 603 1540 communitetern
619 1473 771 1539 utendum
785 1487 867 1556 erat,
888 1477 925 1540 in
936 1478 1056 1540 utillum
1067 1479 1133 1540 lere
1146 1476 1243 1540 aliurn
1254 1493 1348 1540 usum

237 1599 258 1644 a
278 1579 433 1666 plerisque
455 1595 494 1640 ee
514 1577 653 1642 converti
672 1577 834 1658 videmus,
852 1579 917 1644 nisi
930 1579 972 1644 ad
986 1576 1162 1667 expeditius
1176 1575 1346 1642 labendum

236 1693 268 1746 et
286 1677 477 1760 nocendum,
500 1688 532 1742 et
551 1678 729 1744 vestitatem
750 1679 959 1747 efficiendam.
1008 1703 1050 1746 ιιι
1068 1683 1193 1748 nonita
1208 1683 1347 1770 plerum·

236 1803 297 1870 que
324 1783 457 1861 vivitur,
485 1792 521 1848 ut
545 1779 811 1868 quemadmodum
836 1783 922 1846 feras
943 1785 978 1847 in
1002 1784 1171 1852 solitudine
1192 1796 1226 1848 et
1245 1785 1349 1864 silvis,

236 1887 338 1976 pisces
359 1885 394 1948 in
414 1885 595 1950 fluminibus
615 1895 647 1949 et
667 1885 763 1965 meri,
789 1886 931 1950 volucres
949 1887 984 1948 in
1002 1886 1168 1952 immensis
1183 1888 1246 1950 illis
1262 1885 1347 1954 airis

240 1989 368 2077 spatiis,
382 2009 495 2071 magne
507 2009 549 2054 ex
560 2001 647 2076 perte
659 1988 750 2074 quasi
760 1998 889 2052 neuras
900 1986 1036 2076 quedem
1047 1990 1116 2068 lege
1127 1989 1346 2055 imbecilliores

239 2094 417 2182 opprimunt
439 2104 473 2157 ιι
494 2090 660 2173 devorent,
681 2091 727 2154 ite
748 2092 844 2154 etiam
856 2091 891 2154 in
904 2102 1012 2156 nestro
1026 2111 1139 2172 genere
1152 2089 1348 2156 callidissimi

239 2208 273 2262 et
297 2196 509 2283 potentissimi
534 2196 647 2280 quique
670 2194 914 2259 imbecillitatem
936 2205 970 2258 et
990 2194 1222 2282 simplicitatem
1242 2205 1348 2258 caste-

237 2319 343 2364 rorum
365 2299 509 2364 insuam
530 2296 679 2385 praedam
700 2308 841 2379 vertunt,
865 2294 1031 2383 aliqnando
1045 2297 1142 2362 etiem
1154 2297 1224 2362 sine
1236 2299 1347 2377 fructu,

237 2401 314 2491 quid
334 2404 432 2466 fructu
455 2401 549 2468 dicol
573 2403 672 2467 immo
693 2403 1016 2490 etiemeamspericulo
1029 2412 1061 2467 et
1073 2398 1274 2467 incommode
1286 2420 1347 2467 suo

237 2508 309 2573 eliis
325 2519 454 2587 nocent3
478 2503 574 2593 idque
587 2528 657 2571 eum
670 2508 800 2585 iaciunt,
823 2507 913 2592 quasi
925 2528 960 2570 re
973 2507 1053 2569 bene
1065 2516 1154 2587 geste
1167 2505 1348 2587 glorientur.

238 2610 357 2675 interea
378 2611 517 2693 theologi
537 2608 577 2675 de
597 2611 680 2675 iusto
701 2608 755 2675 dei
772 2606 905 2691 indicio,
926 2607 967 2673 de
982 2609 1131 2697 praemiis
1145 2610 1284 2696 piorum,
1305 2604 1348 2672 de

239 2714 398 2803 suppliciis
411 2714 624 2801 improborum
637 2714 871 2793 concionantur3
888 2734 960 2777 cum
972 2712 1036 2800 ipsi
1048 2732 1119 2778 sesa
1125 2758 1136 2790 ,
1152 2712 1243 2798 quasi
1255 2711 1348 2775 terri·

237 2836 337 2898 genae
358 2816 404 2879 illi
424 2819 547 2896 trabes,
580 2818 678 2881 acerris
700 2819 901 2881 exacerbetur
919 2818 1043 2898 hugues
1061 2816 1249 2904 pugionibus
1270 2834 1347 2879 con·

237 2917 374 2998 fodiant,
399 2915 594 3004 eundemque
614 2921 759 2983 morbum
779 2921 812 2983 in
832 2921 947 2985 aninns
967 2917 1144 2983 auditorum
1165 2928 1346 3007 propagent,

238 3034 273 3085 ut
292 3018 376 3085 haud
395 3020 508 3086 iniuria
527 3020 660 3086 dubitari
679 3033 771 3109 quaet
791 3043 833 3086 an
845 3068 894 3091 ...
907 3019 966 3087 sed
982 3020 1219 3111 temperandum
1231 3034 1280 3085 est
1292 3040 1347 3085 oa·

236 3126 339 3205 lamo,
365 3146 406 3189 ne
424 3127 493 3213 ipse
510 3124 545 3189 in
564 3124 650 3190 idem
664 3126 776 3191 vitium
788 3125 937 3191 incidam.
984 3126 1165 3214 philosophi
1179 3124 1218 3191 de
1232 3124 1346 3191 officis

237 3230 446 3317 praecipiunt,
466 3240 498 3293 et
518 3230 581 3316 ipsi
602 3231 641 3293 ab
663 3230 768 3295 officio
789 3251 883 3318 saepe
904 3228 1072 3295 decedente
1096 3251 1198 3317 neque
1211 3232 1277 3294 iere
1289 3248 1347 3293 us·

238 3353 332 3417 quam
353 3334 421 3420 plus
441 3343 492 3396 est
510 3332 643 3398 iniuriae
662 3354 755 3419 quern
776 3334 830 3397 ubi
849 3335 927 3398 iuris
944 3335 1128 3422 plurimum,
1152 3354 1255 3420 neque
1273 3334 1346 3419 plue

237 3438 418 3501 morborum
439 3455 532 3522 quam
549 3437 584 3500 in
604 3437 693 3524 copia
711 3435 937 3517 remediorum,
961 3457 1115 3524 nusquam
1128 3438 1197 3525 plus
1209 3456 1347 3524 pauper-

238 3539 312 3603 tetis
336 3560 429 3625 quam
450 3539 484 3603 in
507 3541 639 3604 summis
660 3541 789 3628 opibus,
809 3561 963 3627 nusquam
975 3543 1045 3628 plus
1060 3538 1236 3604 dementire
1250 3558 1346 3625 quarn

238 3640 273 3707 iu
286 3662 408 3706 summa
422 3642 594 3729 sapientiae
607 3644 818 3731 persuasione.
869 3663 948 3731 quae
962 3642 1089 3730 quidem
1102 3643 1255 3731 sapientie
1269 3664 1346 3707 con-

238 3742 412 3811 suetudinis
433 3746 642 3828 inveteratae,
669 3758 872 3834 acceptaeque
889 3767 909 3811 a
927 3746 1099 3811 melotibus
1111 3746 1287 3834 opinionis,
1312 3756 1346 3809 et

237 3850 428 3913 auctoritatis
453 3852 672 3932 magistrorum
701 3839 910 3915 fundamentis
935 3848 1020 3915 haud
1043 3852 1110 3915 scio
1134 3870 1228 3937 quem
1244 3847 1345 3913 firmis

236 3952 388 4019 innititrrr.
437 3952 510 4017 hinc
531 3955 654 4019 inlinite
674 3955 727 4017 ille
749 3953 881 4019 dissidia
899 3955 1103 4036 religionum,
1124 3952 1344 4033 doctrinarum,

236 4076 378 4138 morum,
400 4055 630 4137 institutorum,
651 4068 683 4123 et
703 4071 830 4145 propter
849 4058 1033 4145 opinionum
1051 4058 1120 4141 (rei
1140 4057 1343 4139 levissimae)
1464 4127 1465 4142 ,

238 4156 451 4226 dirersitetem
464 4162 609 4249 capitales
623 4160 821 4242 inimicitiae,
839 4158 1011 4227 seditiones
1023 4162 1231 4250 perniciosae,
1245 4160 1345 4223 hella-
1464 4175 1465 4208 t

238 4282 299 4349 que
322 4264 525 4331 atrocissima.
574 4264 655 4333 inter
675 4264 822 4333 heecalii
834 4265 985 4351 ιιιιιιιιιι,
1009 4266 1222 4350 elligemunt,
1246 4262 1345 4351 aliqui
