2950 4800
223 233 320 305 era
609 230 782 299 romnis
807 222 1012 336 zonmm’

244 425 296 491 καὶ
318 418 395 507 πρὸς
415 415 451 487 τὸ
474 412 677 507 σκληράτερον
692 417 776 507 adep
794 414 936 508 ίπεφάκει
952 418 988 486 ud
1006 422 1115 504 σῶμα,
1148 416 1223 483 ἀλλ’
1243 418 1302 501 οάχ
1316 416 1359 497 ἀς

242 528 279 595 τὸ
305 525 418 591 ίκείνου
442 517 504 587 ἀπὸ
527 530 649 610 τρυφῆς
671 520 892 607 μεμαλάκιστο.
944 520 1083 607 ἐξήταζεν
1108 513 1162 587 οἷν
1187 518 1205 586 ὃ
1233 524 1359 607 Καῖσαρ

244 629 314 716 περὶ
334 621 583 713 Ἀριστοβούλου
607 634 666 692 ποῖ
685 625 724 691 ἀν
745 624 812 709 clip·
849 625 986 713 φαμίυου
1003 625 1037 691 δ’
1056 627 1169 691 ἐκείνου
1186 624 1222 689 ἓν
1239 623 1360 712 Κάπρῳ

108 738 232 798 alasa
246 735 504 817 καταλελεῖφθαι,
535 728 580 794 ἵν’
600 729 632 796 εἷ’
641 753 671 794 τι
687 732 756 816 περὶ
773 729 826 813 ἐμὲ
842 732 977 812 συμβαίη
995 728 1109 807 δεινόν,
1142 727 1189 812 μὴ
1206 724 1310 812 πάντη
1327 727 1361 792 εδ

243 842 300 920 τῆς
316 833 457 919 Μαριάμ
473 832 593 919 ἐπιλίπῃ
609 833 694 917 γίνος
702 882 711 912 ,
745 833 825 905 κατὰ
840 830 938 915 μόνας
954 830 970 896 ὃ
988 834 1113 919 Καῖσαρ
1131 832 1185 897 τὸν
1201 832 1384 911 emanso

245 941 377 1028 ξανδρον
389 932 570 1017 ἀπολαβών,
588 936 623 1002 cd
637 936 753 1020 ἀληθὲς
766 938 843 1023 ε’ρεῒν
858 936 942 1025 αὐτῷ
954 936 1154 1023 προετρέπετο
1162 981 1173 1014 ,
1191 934 1241 999 lut
1253 940 1364 1023 μισθῷ

246 1050 303 1114 sea
327 1049 426 1125 τυχεῖν
448 1039 610 1125 σωτηρίας.
661 1037 678 1105 ἀ
697 1039 730 1104 δὲ
747 1038 879 1127 ἐκφαίνει
896 1039 1094 1126 τῷιΚαίσαρι
1111 1038 1146 1102 τδ
1165 1034 1364 1124 σκαεολρημσ.

247 1144 266 1213 ἀ
285 1147 409 1229 Καῖσαρ
426 1142 461 1209 δὲ
476 1142 648 1231 ἐρρωμένον
664 1140 759 1208 αάτάν
775 1140 851 1226 πρὸς
869 1141 1051 1226 αὐτουργίαν
1074 1138 1172 1229 ὁρῶν,
1207 1150 1274 1218 τοῖς
1297 1142 1365 1227 ἔρι’-

348 1349 524 1433 Ἀρχέλαος
554 1348 589 1415 δὲ
617 1346 674 1431 τὴν
699 1347 866 1435 ἐθναρχίαν
889 1346 1079 1432 παραλαβὼν
1102 1346 1284 1433 ἀφαιρεῖται
1311 1345 1399 1429 τίη-κιο

243 1449 475 1542 ,ἀρχιερωσάνην
508 1452 542 1529 ἐξ
569 1446 736 1532 Ἰωαζάρου
768 1456 823 1517 τοῦ
849 1452 999 1532 Βοηθοῦ,
1033 1451 1085 1515 καὶ
1110 1448 1368 1533 ἀποκαθίστησιν

245 1558 391 1642 Ἐλεάζαρ
407 1556 461 1621 τὸν
477 1555 590 1621 ἑκείνου
606 1550 752 1641 ἀδελφάν.
792 1552 843 1617 καὶ
861 1549 1033 1640 Γλαφύραν
1050 1550 1153 1637 άγεται
1171 1550 1251 1637 πρὸς
1265 1550 1366 1637 γάμον

248 1660 307 1741 τὴν
318 1654 497 1743 Ἀρχελάου
514 1659 629 1735 παῖδα,
644 1652 858 1742 Ἀλεξάνδρου
876 1656 911 1721 δὲ
926 1662 983 1720 τοῦ
999 1655 1137 1741 ἀδελφοῦ
1153 1654 1252 1719 edroi>
1267 1680 1367 1740 γαμε·

250 1758 325 1846 τήν,
352 1759 411 1847 ἀφ’
430 1749 468 1823 od
484 1760 536 1823 καὶ
552 1760 642 1824 τίκνα
657 1752 696 1843 ἦν
713 1758 809 1847 αὐτῇ,
838 1758 1038 1845 ἀπειρημίνου
1055 1764 1100 1846 τῷ
1116 1753 1202 1845 νόμῳ
1221 1756 1368 1846 ἀδελφοῖν

211 1863 387 1950 Βάγεσθαι
408 1870 555 1948 γυναῖκας
576 1863 689 1939 παῖδας
712 1863 746 1926 ἐκ
769 1868 832 1927 τῶν
854 1860 1030 1928 τεθνεώτων
1053 1860 1192 1944 ἐχούσας.
1244 1864 1299 1927 καὶ
1317 1862 1401 1931 adsit

247 1965 395 2053 Ἐλεάζαρ
421 1966 456 2031 δὲ
478 1963 557 2049 μετά
572 1966 683 2051 μικρὸν
698 1964 837 2048 ἐκβαλὼν
849 1966 968 2049 Ἰησοῦν
984 1962 1179 2049 ἀντεισήγαγε
1195 1962 1253 2029 τάν
1268 1970 1368 2031 παῖδα

252 2070 322 2137 zet
364 2064 465 2135 ἀνάων
482 2069 514 2132 δ’
534 2066 602 2145 ἴτυς
617 2070 649 2135 ἓν
665 2072 704 2154 τῇ
721 2069 801 2155 ἀρχῇ
819 2068 944 2133 δέκατον
961 2066 1161 2155 κατηγορήθη
1178 2066 1267 2153 παρά
1286 2072 1369 2134 Καί-

252 2199 327 2259 σαρι
342 2172 421 2259 πρὸς
435 2177 497 2237 τῶν
513 2167 656 2256 ἀπηκάων
672 2167 714 2249 ὡς
730 2173 824 2255 ὠμῶς
839 2174 890 2237 καὶ
907 2171 942 2235 τὸ
960 2168 1030 2236 ὅλον
1045 2178 1234 2257 τυραννικῶς
1255 2196 1369 2257 κεχρη-

252 2278 344 2361 μίνος
368 2282 433 2351 τοίς
456 2271 642 2361 πράγμασιν.
692 2270 710 2339 ἀ
735 2276 836 2341 τοίνυν
860 2277 985 2362 Καῖσαρ
1010 2278 1227 2357 μετακαλεῖται
1251 2278 1371 2359 ταχίους

254 2377 365 2458 adedo,
399 2378 451 2442 acl
473 2377 704 2466 ἀκροασάμενος
718 2384 780 2446 τάν
796 2376 973 2464 κατηγόρων
990 2376 1142 2458 κάκείνου,
1178 2377 1298 2446 ἐκείνου
1313 2381 1402 2464 pisid

254 2482 425 2575 φυγαδείαν
440 2485 701 2572 καταψηφίζεται,
730 2483 771 2548 τά
788 2483 822 2546 δὲ
835 2479 981 2568 χρήματα
999 2480 1198 2566 ἀπηνέγκατο.

353 2583 480 2674 Ὀνείρῳ
497 2587 532 2653 δὲ
547 2586 582 2652 τὸ
598 2586 710 2671 μάλλον
725 2581 869 2670 ἐδηλώθη
892 2590 938 2674 τῷ
959 2581 1136 2672 Ἀρχελάῳ.
1187 2579 1293 2649 {dolates
1310 2585 1369 2670 γάρ

253 2685 415 2772 ἀστάχυας
437 2685 514 2776 ἀράν
532 2690 607 2756 δίκα
622 2689 773 2771 ἀκμαίους
788 2691 839 2753 καὶ
856 2686 980 2776 πλήρεις
995 2690 1080 2755 σι’τσυ
1096 2688 1371 2776 βιβρωσκομένους

325 2815 345 2873 6
361 2807 486 2881 τάληθὲς
500 2814 535 2868 Α.
671 2814 690 2871 9
706 2807 817 2870 ἐκεῖνον
831 2813 865 2873 A.
1003 2817 1038 2872 11
1055 2809 1226 2883 Ἰωαζάρου]
1248 2807 1324 2876 leode
1337 2817 1369 2869 A.

327 2885 364 2936 cf.
379 2899 408 2966 p.
425 2883 477 2937 462
495 2902 523 2938 v.
538 2883 589 2950 θλ,
608 2881 662 2938 474
679 2903 708 2938 v.
726 2883 758 2954 7,
778 2883 830 2942 476
847 2902 876 2938 ν.
893 2882 937 2939 19.
1025 2885 1059 2939 15
1076 2883 1235 2945 παῖδας-
1252 2877 1371 2952 ἐχούσας

325 2950 529 3007 addrtamentnm
545 2953 675 3007 Zonaras.
780 2953 814 3010 17
829 2948 900 3022 Σεὲ]
919 2947 960 3006 uel
977 2953 1022 3008 W.
1058 2963 1196 3022 utrunque
1214 2952 1246 3006 in
1259 2953 1370 3025 losephi

326 3021 474 3076 codicibus.
576 3023 612 3079 23
628 3016 771 3092 ἀστάχυας
786 3025 809 3077 A
826 3023 970 3093 Iosephus,
986 3019 1109 3090 στάχυας
1124 3021 1193 3075 PW.

256 3126 379 3198 asperior
401 3133 429 3179 et
450 3141 561 3197 corpore
576 3124 717 3196 rigidiora,
740 3141 806 3191 non,
833 3129 861 3177 ut
876 3123 935 3193 ille,
960 3123 1071 3177 delicato
1089 3129 1117 3176 et
1132 3123 1215 3176 molli.
1252 3124 1371 3178 Caesare

257 3211 323 3250 vero
341 3202 485 3266 quaerente
501 3196 549 3248 ubi
564 3194 729 3247 Aristobulus
749 3196 834 3258 asset,
855 3193 993 3264 respondit
1008 3194 1034 3246 in
1051 3191 1143 3264 Cypro
1161 3210 1223 3247 esse
1240 3196 1371 3261 relicom,

257 3271 290 3318 ut
317 3267 341 3316 si
370 3264 435 3335 qaid
462 3263 514 3318 sibi
543 3263 699 3329 accidisset,
729 3261 900 3315 Mariamme
921 3279 1003 3332 genus
1028 3279 1081 3314 non
1105 3262 1211 3332 penitus
1234 3263 1371 3318 interiret.

257 3335 360 3388 Caesar
385 3348 450 3384 vero
476 3332 603 3386 hominem
627 3331 763 3386 seductum
784 3331 903 3383 bonatus
923 3339 964 3384 est
981 3338 1011 3384 ut
1027 3333 1169 3385 veritatem
1185 3332 1240 3385 sibi
1256 3333 1373 3398 diceret,

257 3401 345 3455 saluts
367 3401 505 3468 promissa.
540 3402 588 3471 qui
611 3418 669 3454 cnm
691 3399 860 3470 imposturam
885 3401 1066 3470 exposuisset,
1093 3402 1194 3454 Caesar
1211 3401 1288 3456 illurn
1306 3405 1373 3456 tole·

257 3469 340 3524 tando
358 3468 442 3521 labori
458 3475 548 3538 aptum
565 3469 659 3522 videns
674 3468 704 3526 in
719 3469 833 3537 remiges
850 3470 966 3522 rettulit:
988 3471 1045 3523 eius
1062 3487 1127 3522 vero
1143 3471 1244 3524 socium
1260 3473 1372 3528 cecidit.

363 3535 506 3590 Archelaus
532 3537 686 3594 ethnarchia
709 3547 833 3607 suscepta
859 3539 1034 3591 sacerdotium
1058 3539 1168 3592 lcazaro
1190 3539 1294 3594 seems
1318 3544 1371 3594 filia

259 3612 378 3676 ereptam
402 3607 431 3660 in
454 3608 565 3660 bacen
587 3608 644 3660 elus
667 3605 823 3660 Eleazarum
844 3609 980 3661 transfert.
1017 3608 1179 3678 Glaphyran
1202 3611 1373 3664 matrimonio

259 3677 312 3732 sibi
335 3676 433 3745 iungit,
459 3674 583 3729 Archelai
599 3676 696 3742 filiam,
724 3681 751 3728 et
767 3676 910 3728 Alexandri
926 3675 1033 3745 fratris,
1059 3694 1143 3746 equo
1162 3676 1263 3730 liberos
1283 3697 1374 3734 suses-

257 3754 352 3820 perst‚
371 3747 486 3800 viduam.
521 3752 565 3799 est
580 3752 667 3797 antem
685 3745 745 3814 lege
761 3745 928 3798 interdictum
947 3755 1153 3800 demortuorum
1170 3747 1290 3800 fratrum
1307 3765 1375 3802 uxo·

259 3833 320 3884 res,
347 3819 477 3887 equibus
493 3814 533 3868 illi
547 3813 714 3882 susceperint
729 3814 841 3882 liberos,
868 3815 995 3869 fratribus
1011 3817 1120 3871 nubant.
1154 3815 1291 3870 Eleazaro
1311 3836 1375 3900 φυο-

260 3903 313 3956 que
329 3887 409 3955 paulo
426 3891 489 3957 post
504 3885 589 3938 eiecto
604 3881 690 3936 Iesum
709 3884 769 3936 Seis
786 3883 865 3936 lilium
879 3884 905 3936 iu
918 3884 975 3937 eins
986 3885 1070 3937 lccmn
1082 3885 1232 3938 substituit.
1269 3887 1374 3940 decom

258 3954 361 4025 imperii
382 3972 450 4008 anno
474 3959 611 4008 accusatus
628 3959 670 4005 est
687 3970 703 4005 a
720 3953 835 4006 subditis
852 3955 922 4022 apud
940 3955 1082 4006 Caesarem
1099 3953 1170 4021 qnod
1186 3953 1329 4008 crudelem
1345 3973 1375 4009 ac

259 4025 339 4093 plane
355 4029 498 4093 tyrannum
514 4041 544 4076 se
560 4023 718 4093 praeberet3
738 4021 772 4074 ab
786 4039 870 4092 eoque
884 4024 1007 4078 celeriter
1017 4023 1176 4090 arcessitus,
1193 4039 1283 4077 musa
1295 4025 1375 4090 dicu,

261 4093 355 4163 opibus
374 4093 504 4163 ademptis
519 4093 548 4148 in
565 4092 684 4146 exsilium
701 4090 797 4144 misens
815 4099 865 4144 est.

366 4163 434 4215 Eam
451 4169 574 4215 euentum
591 4161 735 4216 Archelaus
749 4161 850 4214 somnio
867 4164 928 4213 ante
942 4161 1113 4229 cognoverat.
1145 4157 1224 4213 usus
1239 4161 1316 4215 euim
1327 4163 1375 4215 sibi

265 4234 325 4282 erat
345 4229 436 4286 decem
457 4228 547 4302 spicas
568 4232 693 4286 robustas
716 4231 897 4286 attramento
918 4229 1009 4302 plenas
1032 4229 1138 4299 uideas,
1164 4245 1239 4299 quae
1255 4247 1274 4286 a
1294 4233 1377 4286 bobas
