<?xml version="1.0" encoding="UTF-8"?>
<!DOCTYPE html PUBLIC "-//W3C//DTD XHTML 1.0 Transitional//EN"
    "http://www.w3.org/TR/xhtml1/DTD/xhtml1-transitional.dtd">
<html xmlns="http://www.w3.org/1999/xhtml" xml:lang="en" lang="en">
 <head>
  <title>
</title>
<meta http-equiv="Content-Type" content="text/html;charset=utf-8" />
  <meta name='ocr-system' content='tesseract 3.04.00' />
  <meta name='ocr-capabilities' content='ocr_page ocr_carea ocr_par ocr_line ocrx_word'/>
</head>
<body>
  <div class='ocr_page' id='page_1' title='image "./corpusscriptoru57theogoog/corpusscriptoru57theogoog_0038.png"; bbox 0 0 2950 4800; ppageno 0'>
   <div class='ocr_carea' id='block_1_1' title="bbox 228 248 1007 324">
    <p class='ocr_par' dir='ltr' id='par_1_1' title="bbox 228 248 1007 324">
     <span class='ocr_line' id='line_1_1' title="bbox 228 248 1007 324; baseline -0.006 0"><span class='ocrx_word' id='word_1_1' title='bbox 228 275 335 324; x_wconf 72' lang='lat' dir='ltr'><strong>miv</strong></span> <span class='ocrx_word' id='word_1_2' title='bbox 567 248 814 319; x_wconf 82' lang='lat' dir='ltr'><strong>HIERONYbiI</strong></span> <span class='ocrx_word' id='word_1_3' title='bbox 836 249 1007 324; x_wconf 81' lang='lat' dir='ltr'>WOLFH</span> 
     </span>
    </p>
   </div>
   <div class='ocr_carea' id='block_1_2' title="bbox 224 441 1339 1048">
    <p class='ocr_par' dir='ltr' id='par_1_2' title="bbox 224 441 1339 1048">
     <span class='ocr_line' id='line_1_2' title="bbox 226 441 1339 528; baseline 0.003 -22"><span class='ocrx_word' id='word_1_4' title='bbox 226 443 348 523; x_wconf 81' lang='lat' dir='ltr'><strong>generis</strong></span> <span class='ocrx_word' id='word_1_5' title='bbox 363 441 423 504; x_wconf 86' lang='lat' dir='ltr'><strong>olio</strong></span> <span class='ocrx_word' id='word_1_6' title='bbox 438 441 558 528; x_wconf 87' lang='lat' dir='ltr'><strong>publica</strong></span> <span class='ocrx_word' id='word_1_7' title='bbox 573 443 673 521; x_wconf 88' lang='lat' dir='ltr'><strong>mala,</strong></span> <span class='ocrx_word' id='word_1_8' title='bbox 692 441 725 504; x_wconf 90' lang='lat' dir='ltr'><strong>in</strong></span> <span class='ocrx_word' id='word_1_9' title='bbox 741 443 834 506; x_wconf 89' lang='lat' dir='ltr'><strong>unius</strong></span> <span class='ocrx_word' id='word_1_10' title='bbox 848 441 986 507; x_wconf 89' lang='lat' dir='ltr'><strong>bominis</strong></span> <span class='ocrx_word' id='word_1_11' title='bbox 1000 453 1135 507; x_wconf 87' lang='lat' dir='ltr'><strong>aetatem</strong></span> <span class='ocrx_word' id='word_1_12' title='bbox 1147 443 1246 508; x_wconf 87' lang='lat' dir='ltr'><strong>rarius</strong></span> <span class='ocrx_word' id='word_1_13' title='bbox 1259 444 1339 509; x_wconf 88' lang='lat' dir='ltr'><strong>ioci·</strong></span> 
     </span>
     <span class='ocr_line' id='line_1_3' title="bbox 226 545 1338 627; baseline 0.004 -19"><span class='ocrx_word' id='word_1_14' title='bbox 226 546 312 609; x_wconf 86' lang='lat' dir='ltr'><strong>dunt.</strong></span> <span class='ocrx_word' id='word_1_15' title='bbox 363 547 443 607; x_wconf 85' lang='lat' dir='ltr'><strong>belle</strong></span> <span class='ocrx_word' id='word_1_16' title='bbox 457 565 533 609; x_wconf 79' lang='lat' dir='ltr'><strong>vero</strong></span> <span class='ocrx_word' id='word_1_17' title='bbox 549 547 631 608; x_wconf 89' lang='lat' dir='ltr'><strong>nulle</strong></span> <span class='ocrx_word' id='word_1_18' title='bbox 646 557 775 610; x_wconf 85' lang='lat' dir='ltr'><strong>naturas</strong></span> <span class='ocrx_word' id='word_1_19' title='bbox 788 546 989 626; x_wconf 72' lang='lat' dir='ltr'><strong>necessitate,</strong></span> <span class='ocrx_word' id='word_1_20' title='bbox 1010 545 1065 611; x_wconf 88' lang='lat' dir='ltr'><strong>sed</strong></span> <span class='ocrx_word' id='word_1_21' title='bbox 1080 547 1258 627; x_wconf 89' lang='lat' dir='ltr'><strong>bominum,</strong></span> <span class='ocrx_word' id='word_1_22' title='bbox 1281 571 1338 613; x_wconf 91' lang='lat' dir='ltr'><strong>eo-</strong></span> 
     </span>
     <span class='ocr_line' id='line_1_4' title="bbox 225 649 1339 739; baseline 0.003 -27"><span class='ocrx_word' id='word_1_23' title='bbox 225 670 355 735; x_wconf 82' lang='lat' dir='ltr'>rumque</span> <span class='ocrx_word' id='word_1_24' title='bbox 368 649 542 736; x_wconf 84' lang='lat' dir='ltr'><strong>principum</strong></span> <span class='ocrx_word' id='word_1_25' title='bbox 555 661 587 712; x_wconf 86' lang='lat' dir='ltr'><strong>et</strong></span> <span class='ocrx_word' id='word_1_26' title='bbox 599 670 723 732; x_wconf 73' lang='lat' dir='ltr'><strong>regum,</strong></span> <span class='ocrx_word' id='word_1_27' title='bbox 749 671 828 735; x_wconf 90' lang='lat' dir='ltr'><strong>quos</strong></span> <span class='ocrx_word' id='word_1_28' title='bbox 841 649 955 713; x_wconf 78' lang='lat' dir='ltr'><strong>virtute</strong></span> <span class='ocrx_word' id='word_1_29' title='bbox 968 662 1001 713; x_wconf 91' lang='lat' dir='ltr'><strong>et</strong></span> <span class='ocrx_word' id='word_1_30' title='bbox 1015 652 1167 739; x_wconf 86' lang='lat' dir='ltr'><strong>sapientia</strong></span> <span class='ocrx_word' id='word_1_31' title='bbox 1181 665 1339 738; x_wconf 84' lang='lat' dir='ltr'><strong>praestaro</strong></span> 
     </span>
     <span class='ocr_line' id='line_1_5' title="bbox 226 752 1337 834; baseline 0.002 -18"><span class='ocrx_word' id='word_1_32' title='bbox 226 754 355 820; x_wconf 89' lang='lat' dir='ltr'><strong>caeteris</strong></span> <span class='ocrx_word' id='word_1_33' title='bbox 370 764 402 816; x_wconf 89' lang='lat' dir='ltr'><strong>et</strong></span> <span class='ocrx_word' id='word_1_34' title='bbox 416 754 501 817; x_wconf 82' lang='lat' dir='ltr'><strong>cives</strong></span> <span class='ocrx_word' id='word_1_35' title='bbox 515 774 590 818; x_wconf 89' lang='lat' dir='ltr'><strong>suos</strong></span> <span class='ocrx_word' id='word_1_36' title='bbox 604 752 734 818; x_wconf 88' lang='lat' dir='ltr'><strong>reddere</strong></span> <span class='ocrx_word' id='word_1_37' title='bbox 749 755 858 819; x_wconf 90' lang='lat' dir='ltr'><strong>beatos</strong></span> <span class='ocrx_word' id='word_1_38' title='bbox 872 752 1016 834; x_wconf 87' lang='lat' dir='ltr'><strong>decebat,</strong></span> <span class='ocrx_word' id='word_1_39' title='bbox 1041 757 1095 821; x_wconf 79' lang='lat' dir='ltr'><strong>vel</strong></span> <span class='ocrx_word' id='word_1_40' title='bbox 1105 756 1274 820; x_wconf 75' lang='lat' dir='ltr'><strong>ambitione</strong></span> <span class='ocrx_word' id='word_1_41' title='bbox 1286 756 1337 822; x_wconf 82' lang='lat' dir='ltr'><strong>rel</strong></span> 
     </span>
     <span class='ocr_line' id='line_1_6' title="bbox 224 855 1339 940; baseline 0.003 -19"><span class='ocrx_word' id='word_1_42' title='bbox 224 856 431 921; x_wconf 74' lang='lat' dir='ltr'><strong>aemulatione</strong></span> <span class='ocrx_word' id='word_1_43' title='bbox 446 858 497 922; x_wconf 83' lang='lat' dir='ltr'><strong>rel</strong></span> <span class='ocrx_word' id='word_1_44' title='bbox 512 857 642 921; x_wconf 82' lang='lat' dir='ltr'><strong>avaritia</strong></span> <span class='ocrx_word' id='word_1_45' title='bbox 655 859 707 923; x_wconf 79' lang='lat' dir='ltr'><strong>vel</strong></span> <span class='ocrx_word' id='word_1_46' title='bbox 721 855 900 922; x_wconf 86' lang='lat' dir='ltr'><strong>crudelitate</strong></span> <span class='ocrx_word' id='word_1_47' title='bbox 912 859 1076 938; x_wconf 86' lang='lat' dir='ltr'><strong>exsistunt,</strong></span> <span class='ocrx_word' id='word_1_48' title='bbox 1090 869 1122 922; x_wconf 91' lang='lat' dir='ltr'><strong>et</strong></span> <span class='ocrx_word' id='word_1_49' title='bbox 1134 861 1226 940; x_wconf 76' lang='lat' dir='ltr'><strong>longe</strong></span> <span class='ocrx_word' id='word_1_50' title='bbox 1233 858 1339 924; x_wconf 87' lang='lat' dir='ltr'><strong>maio·</strong></span> 
     </span>
     <span class='ocr_line' id='line_1_7' title="bbox 224 961 1338 1048; baseline 0.001 -23"><span class='ocrx_word' id='word_1_51' title='bbox 224 983 291 1026; x_wconf 91' lang='lat' dir='ltr'><strong>rem</strong></span> <span class='ocrx_word' id='word_1_52' title='bbox 305 962 457 1024; x_wconf 91' lang='lat' dir='ltr'><strong>malorum</strong></span> <span class='ocrx_word' id='word_1_53' title='bbox 472 961 611 1024; x_wconf 90' lang='lat' dir='ltr'><strong>omnium</strong></span> <span class='ocrx_word' id='word_1_54' title='bbox 624 963 742 1026; x_wconf 90' lang='lat' dir='ltr'><strong>molem</strong></span> <span class='ocrx_word' id='word_1_55' title='bbox 754 983 860 1026; x_wconf 92' lang='lat' dir='ltr'><strong>secum</strong></span> <span class='ocrx_word' id='word_1_56' title='bbox 872 963 997 1024; x_wconf 85' lang='lat' dir='ltr'><strong>trabunt</strong></span> <span class='ocrx_word' id='word_1_57' title='bbox 1009 983 1103 1048; x_wconf 87' lang='lat' dir='ltr'><strong>quom</strong></span> <span class='ocrx_word' id='word_1_58' title='bbox 1116 983 1197 1048; x_wconf 88' lang='lat' dir='ltr'><strong>quas</strong></span> <span class='ocrx_word' id='word_1_59' title='bbox 1209 973 1338 1026; x_wconf 75' lang='lat' dir='ltr'><strong>urruns</strong></span> 
     </span>
    </p>
   </div>
   <div class='ocr_carea' id='block_1_3' title="bbox 125 1063 1338 1153">
    <p class='ocr_par' dir='ltr' id='par_1_3' title="bbox 125 1063 1338 1153">
     <span class='ocr_line' id='line_1_8' title="bbox 125 1063 1338 1153; baseline 0.001 -25"><span class='ocrx_word' id='word_1_60' title='bbox 125 1063 127 1066; x_wconf 74' lang='grc'><strong>’</strong></span> <span class='ocrx_word' id='word_1_61' title='bbox 224 1067 315 1129; x_wconf 92' lang='lat' dir='ltr'><strong>nobis</strong></span> <span class='ocrx_word' id='word_1_62' title='bbox 331 1065 499 1127; x_wconf 75' lang='lat' dir='ltr'>necessitas</span> <span class='ocrx_word' id='word_1_63' title='bbox 513 1065 672 1150; x_wconf 82' lang='lat' dir='ltr'><strong>imposuit.</strong></span> <span class='ocrx_word' id='word_1_64' title='bbox 724 1087 764 1128; x_wconf 90' lang='lat' dir='ltr'><strong>ne</strong></span> <span class='ocrx_word' id='word_1_65' title='bbox 777 1087 854 1130; x_wconf 82' lang='lat' dir='ltr'><strong>vero</strong></span> <span class='ocrx_word' id='word_1_66' title='bbox 868 1067 981 1130; x_wconf 86' lang='lat' dir='ltr'><strong>caeteri</strong></span> <span class='ocrx_word' id='word_1_67' title='bbox 992 1087 1052 1130; x_wconf 92' lang='lat' dir='ltr'><strong>nos</strong></span> <span class='ocrx_word' id='word_1_68' title='bbox 1067 1078 1237 1130; x_wconf 79' lang='lat' dir='ltr'><strong>excusatos</strong></span> <span class='ocrx_word' id='word_1_69' title='bbox 1245 1078 1338 1153; x_wconf 90' lang='lat' dir='ltr'><strong>pute-</strong></span> 
     </span>
    </p>
   </div>
   <div class='ocr_carea' id='block_1_4' title="bbox 136 1169 1338 4372">
    <p class='ocr_par' dir='ltr' id='par_1_4' title="bbox 136 1169 1338 4372">
     <span class='ocr_line' id='line_1_9' title="bbox 224 1169 1337 1257; baseline 0.003 -26"><span class='ocrx_word' id='word_1_70' title='bbox 224 1190 312 1248; x_wconf 91' lang='lat' dir='ltr'><strong>mus,</strong></span> <span class='ocrx_word' id='word_1_71' title='bbox 338 1187 497 1254; x_wconf 87' lang='lat' dir='ltr'><strong>nunquam</strong></span> <span class='ocrx_word' id='word_1_72' title='bbox 524 1169 679 1255; x_wconf 76' lang='lat' dir='ltr'>principes</span> <span class='ocrx_word' id='word_1_73' title='bbox 705 1178 810 1232; x_wconf 85' lang='lat' dir='ltr'><strong>tentos</strong></span> <span class='ocrx_word' id='word_1_74' title='bbox 832 1169 914 1232; x_wconf 86' lang='lat' dir='ltr'><strong>ciere</strong></span> <span class='ocrx_word' id='word_1_75' title='bbox 933 1171 1081 1234; x_wconf 89' lang='lat' dir='ltr'><strong>tumultus</strong></span> <span class='ocrx_word' id='word_1_76' title='bbox 1101 1181 1247 1257; x_wconf 87' lang='lat' dir='ltr'><strong>possent,</strong></span> <span class='ocrx_word' id='word_1_77' title='bbox 1274 1170 1337 1234; x_wconf 89' lang='lat' dir='ltr'><strong>nisi</strong></span> 
     </span>
     <span class='ocr_line' id='line_1_10' title="bbox 222 1269 1337 1362; baseline 0.003 -27"><span class='ocrx_word' id='word_1_78' title='bbox 222 1273 402 1350; x_wconf 86' lang='lat' dir='ltr'><strong>inferiores,</strong></span> <span class='ocrx_word' id='word_1_79' title='bbox 428 1269 544 1334; x_wconf 90' lang='lat' dir='ltr'><strong>iisdem</strong></span> <span class='ocrx_word' id='word_1_80' title='bbox 558 1273 677 1336; x_wconf 90' lang='lat' dir='ltr'><strong>morbis</strong></span> <span class='ocrx_word' id='word_1_81' title='bbox 689 1273 883 1354; x_wconf 77' lang='lat' dir='ltr'><strong>laborantes,</strong></span> <span class='ocrx_word' id='word_1_82' title='bbox 904 1274 1028 1337; x_wconf 90' lang='lat' dir='ltr'><strong>illorum</strong></span> <span class='ocrx_word' id='word_1_83' title='bbox 1041 1273 1260 1362; x_wconf 68' lang='lat' dir='ltr'><strong>cupiditatibus</strong></span> <span class='ocrx_word' id='word_1_84' title='bbox 1272 1295 1337 1339; x_wconf 87' lang='lat' dir='ltr'><strong>nou</strong></span> 
     </span>
     <span class='ocr_line' id='line_1_11' title="bbox 222 1373 1338 1464; baseline 0.002 -25"><span class='ocrx_word' id='word_1_85' title='bbox 222 1377 383 1440; x_wconf 89' lang='lat' dir='ltr'><strong>ministros</strong></span> <span class='ocrx_word' id='word_1_86' title='bbox 404 1373 500 1438; x_wconf 91' lang='lat' dir='ltr'><strong>modo</strong></span> <span class='ocrx_word' id='word_1_87' title='bbox 520 1375 576 1439; x_wconf 90' lang='lat' dir='ltr'><strong>sed</strong></span> <span class='ocrx_word' id='word_1_88' title='bbox 592 1373 686 1440; x_wconf 90' lang='lat' dir='ltr'><strong>duces</strong></span> <span class='ocrx_word' id='word_1_89' title='bbox 700 1378 797 1440; x_wconf 86' lang='lat' dir='ltr'><strong>etiem</strong></span> <span class='ocrx_word' id='word_1_90' title='bbox 811 1398 846 1441; x_wconf 88' lang='lat' dir='ltr'><strong>se</strong></span> <span class='ocrx_word' id='word_1_91' title='bbox 858 1379 1059 1464; x_wconf 80' lang='lat' dir='ltr'><strong>praeberent:</strong></span> <span class='ocrx_word' id='word_1_92' title='bbox 1084 1377 1138 1463; x_wconf 91' lang='lat' dir='ltr'><strong>qui</strong></span> <span class='ocrx_word' id='word_1_93' title='bbox 1151 1378 1277 1442; x_wconf 91' lang='lat' dir='ltr'><strong>bonesti</strong></span> <span class='ocrx_word' id='word_1_94' title='bbox 1290 1380 1338 1441; x_wconf 85' lang='lat' dir='ltr'><strong>la-</strong></span> 
     </span>
     <span class='ocr_line' id='line_1_12' title="bbox 224 1479 1337 1567; baseline 0 -23"><span class='ocrx_word' id='word_1_95' title='bbox 224 1481 307 1544; x_wconf 92' lang='lat' dir='ltr'><strong>boris</strong></span> <span class='ocrx_word' id='word_1_96' title='bbox 321 1482 393 1559; x_wconf 79' lang='lat' dir='ltr'><strong>iuga</strong></span> <span class='ocrx_word' id='word_1_97' title='bbox 407 1489 438 1540; x_wconf 87' lang='lat' dir='ltr'><strong>et</strong></span> <span class='ocrx_word' id='word_1_98' title='bbox 449 1481 573 1541; x_wconf 88' lang='lat' dir='ltr'><strong>scelesti</strong></span> <span class='ocrx_word' id='word_1_99' title='bbox 583 1481 640 1542; x_wconf 91' lang='lat' dir='ltr'><strong>otii</strong></span> <span class='ocrx_word' id='word_1_100' title='bbox 651 1479 819 1567; x_wconf 86' lang='lat' dir='ltr'><strong>cupiditate</strong></span> <span class='ocrx_word' id='word_1_101' title='bbox 828 1479 937 1545; x_wconf 80' lang='lat' dir='ltr'><strong>divina</strong></span> <span class='ocrx_word' id='word_1_102' title='bbox 946 1482 1220 1566; x_wconf 87' lang='lat' dir='ltr'><strong>humanaqueiuro</strong></span> <span class='ocrx_word' id='word_1_103' title='bbox 1229 1483 1337 1546; x_wconf 88' lang='lat' dir='ltr'><strong>omnia</strong></span> 
     </span>
     <span class='ocr_line' id='line_1_13' title="bbox 163 1583 1337 1673; baseline 0.002 -25"><span class='ocrx_word' id='word_1_104' title='bbox 163 1652 169 1667; x_wconf 62' lang='grc'><em>,</em></span> <span class='ocrx_word' id='word_1_105' title='bbox 223 1584 342 1648; x_wconf 78' lang='lat' dir='ltr'><strong>violare</strong></span> <span class='ocrx_word' id='word_1_106' title='bbox 364 1602 427 1644; x_wconf 91' lang='lat' dir='ltr'><strong>non</strong></span> <span class='ocrx_word' id='word_1_107' title='bbox 450 1592 611 1660; x_wconf 81' lang='lat' dir='ltr'><strong>verentur,</strong></span> <span class='ocrx_word' id='word_1_108' title='bbox 638 1595 670 1646; x_wconf 86' lang='lat' dir='ltr'><strong>et</strong></span> <span class='ocrx_word' id='word_1_109' title='bbox 689 1583 831 1647; x_wconf 82' lang='lat' dir='ltr'>horribili</span> <span class='ocrx_word' id='word_1_110' title='bbox 847 1587 951 1649; x_wconf 80' lang='lat' dir='ltr'><strong>furore</strong></span> <span class='ocrx_word' id='word_1_111' title='bbox 965 1597 997 1649; x_wconf 89' lang='lat' dir='ltr'><strong>et</strong></span> <span class='ocrx_word' id='word_1_112' title='bbox 1010 1587 1079 1673; x_wconf 92' lang='lat' dir='ltr'><strong>plus</strong></span> <span class='ocrx_word' id='word_1_113' title='bbox 1094 1605 1188 1671; x_wconf 90' lang='lat' dir='ltr'><strong>quam</strong></span> <span class='ocrx_word' id='word_1_114' title='bbox 1200 1585 1337 1650; x_wconf 79' lang='lat' dir='ltr'><strong>bottuim</strong></span> 
     </span>
     <span class='ocr_line' id='line_1_14' title="bbox 222 1685 1337 1775; baseline 0.002 -25"><span class='ocrx_word' id='word_1_115' title='bbox 222 1685 418 1750; x_wconf 85' lang='lat' dir='ltr'><strong>immanitate</strong></span> <span class='ocrx_word' id='word_1_116' title='bbox 439 1695 634 1765; x_wconf 61' lang='lat' dir='ltr'><strong>grassantum</strong></span> <span class='ocrx_word' id='word_1_117' title='bbox 660 1705 792 1771; x_wconf 89' lang='lat' dir='ltr'><strong>cumque</strong></span> <span class='ocrx_word' id='word_1_118' title='bbox 813 1687 876 1773; x_wconf 89' lang='lat' dir='ltr'><strong>ipsi</strong></span> <span class='ocrx_word' id='word_1_119' title='bbox 895 1689 1027 1775; x_wconf 75' lang='lat' dir='ltr'><strong>pessimi</strong></span> <span class='ocrx_word' id='word_1_120' title='bbox 1043 1688 1121 1768; x_wconf 92' lang='lat' dir='ltr'><strong>siut,</strong></span> <span class='ocrx_word' id='word_1_121' title='bbox 1144 1691 1225 1753; x_wconf 86' lang='lat' dir='ltr'><strong>bona</strong></span> <span class='ocrx_word' id='word_1_122' title='bbox 1239 1689 1337 1753; x_wconf 77' lang='lat' dir='ltr'><strong>stium</strong></span> 
     </span>
     <span class='ocr_line' id='line_1_15' title="bbox 223 1785 1337 1878; baseline 0.004 -25"><span class='ocrx_word' id='word_1_123' title='bbox 223 1803 276 1852; x_wconf 87' lang='lat' dir='ltr'><strong>aut</strong></span> <span class='ocrx_word' id='word_1_124' title='bbox 297 1790 410 1853; x_wconf 82' lang='lat' dir='ltr'><strong>sellem</strong></span> <span class='ocrx_word' id='word_1_125' title='bbox 432 1785 600 1852; x_wconf 86' lang='lat' dir='ltr'><strong>mediocria</strong></span> <span class='ocrx_word' id='word_1_126' title='bbox 620 1788 746 1870; x_wconf 84' lang='lat' dir='ltr'><strong>ingenia</strong></span> <span class='ocrx_word' id='word_1_127' title='bbox 759 1801 974 1876; x_wconf 89' lang='lat' dir='ltr'><strong>corrumpunt,</strong></span> <span class='ocrx_word' id='word_1_128' title='bbox 995 1803 1049 1854; x_wconf 86' lang='lat' dir='ltr'><strong>out</strong></span> <span class='ocrx_word' id='word_1_129' title='bbox 1063 1803 1200 1856; x_wconf 89' lang='lat' dir='ltr'><strong>caeteros</strong></span> <span class='ocrx_word' id='word_1_130' title='bbox 1214 1793 1337 1878; x_wconf 87' lang='lat' dir='ltr'><strong>quietos</strong></span> 
     </span>
     <span class='ocr_line' id='line_1_16' title="bbox 223 1893 1337 1981; baseline 0.002 -24"><span class='ocrx_word' id='word_1_131' title='bbox 223 1905 254 1958; x_wconf 90' lang='lat' dir='ltr'><strong>et</strong></span> <span class='ocrx_word' id='word_1_132' title='bbox 277 1893 456 1978; x_wconf 89' lang='lat' dir='ltr'><strong>tranquillos</strong></span> <span class='ocrx_word' id='word_1_133' title='bbox 478 1912 549 1956; x_wconf 90' lang='lat' dir='ltr'><strong>esse</strong></span> <span class='ocrx_word' id='word_1_134' title='bbox 565 1913 629 1954; x_wconf 86' lang='lat' dir='ltr'><strong>non</strong></span> <span class='ocrx_word' id='word_1_135' title='bbox 644 1893 811 1979; x_wconf 82' lang='lat' dir='ltr'><strong>patiuntur.</strong></span> <span class='ocrx_word' id='word_1_136' title='bbox 864 1912 995 1958; x_wconf 75' lang='lat' dir='ltr'><strong>saevum</strong></span> <span class='ocrx_word' id='word_1_137' title='bbox 1009 1895 1147 1981; x_wconf 86' lang='lat' dir='ltr'><strong>proiecto</strong></span> <span class='ocrx_word' id='word_1_138' title='bbox 1161 1907 1193 1959; x_wconf 86' lang='lat' dir='ltr'><strong>et</strong></span> <span class='ocrx_word' id='word_1_139' title='bbox 1205 1897 1337 1961; x_wconf 88' lang='lat' dir='ltr'><strong>borren-</strong></span> 
     </span>
     <span class='ocr_line' id='line_1_17' title="bbox 224 1995 1336 2086; baseline 0.004 -27"><span class='ocrx_word' id='word_1_140' title='bbox 224 1996 299 2060; x_wconf 91' lang='lat' dir='ltr'><strong>dum</strong></span> <span class='ocrx_word' id='word_1_141' title='bbox 321 2009 370 2060; x_wconf 91' lang='lat' dir='ltr'><strong>est</strong></span> <span class='ocrx_word' id='word_1_142' title='bbox 388 1995 499 2060; x_wconf 86' lang='lat' dir='ltr'><strong>Martis</strong></span> <span class='ocrx_word' id='word_1_143' title='bbox 518 1995 701 2083; x_wconf 91' lang='lat' dir='ltr'><strong>imperium,</strong></span> <span class='ocrx_word' id='word_1_144' title='bbox 726 1998 779 2082; x_wconf 90' lang='lat' dir='ltr'><strong>qui</strong></span> <span class='ocrx_word' id='word_1_145' title='bbox 799 1999 881 2061; x_wconf 84' lang='lat' dir='ltr'><strong>ierro</strong></span> <span class='ocrx_word' id='word_1_146' title='bbox 895 2006 927 2060; x_wconf 89' lang='lat' dir='ltr'><strong>et</strong></span> <span class='ocrx_word' id='word_1_147' title='bbox 940 1997 1008 2079; x_wconf 80' lang='lat' dir='ltr'><strong>igni</strong></span> <span class='ocrx_word' id='word_1_148' title='bbox 1019 2000 1139 2080; x_wconf 76' lang='lat' dir='ltr'><strong>saerit3</strong></span> <span class='ocrx_word' id='word_1_149' title='bbox 1166 1997 1222 2063; x_wconf 90' lang='lat' dir='ltr'><strong>sed</strong></span> <span class='ocrx_word' id='word_1_150' title='bbox 1242 2002 1336 2086; x_wconf 85' lang='lat' dir='ltr'><strong>paulo</strong></span> 
     </span>
     <span class='ocr_line' id='line_1_18' title="bbox 221 2099 1337 2185; baseline 0.002 -21"><span class='ocrx_word' id='word_1_151' title='bbox 221 2101 330 2164; x_wconf 90' lang='lat' dir='ltr'><strong>mitior</strong></span> <span class='ocrx_word' id='word_1_152' title='bbox 343 2109 391 2163; x_wconf 90' lang='lat' dir='ltr'><strong>est</strong></span> <span class='ocrx_word' id='word_1_153' title='bbox 404 2099 550 2164; x_wconf 83' lang='lat' dir='ltr'><strong>Mercurii</strong></span> <span class='ocrx_word' id='word_1_154' title='bbox 563 2101 719 2182; x_wconf 85' lang='lat' dir='ltr'><strong>tyrannis,</strong></span> <span class='ocrx_word' id='word_1_155' title='bbox 736 2102 789 2185; x_wconf 92' lang='lat' dir='ltr'><strong>qui</strong></span> <span class='ocrx_word' id='word_1_156' title='bbox 800 2101 887 2165; x_wconf 76' lang='lat' dir='ltr'><strong>falsis</strong></span> <span class='ocrx_word' id='word_1_157' title='bbox 900 2101 1073 2166; x_wconf 84' lang='lat' dir='ltr'><strong>rationibus</strong></span> <span class='ocrx_word' id='word_1_158' title='bbox 1085 2113 1119 2164; x_wconf 89' lang='lat' dir='ltr'><strong>et</strong></span> <span class='ocrx_word' id='word_1_159' title='bbox 1131 2101 1251 2166; x_wconf 82' lang='lat' dir='ltr'><strong>callidis</strong></span> <span class='ocrx_word' id='word_1_160' title='bbox 1263 2122 1337 2169; x_wconf 83' lang='lat' dir='ltr'>vor-</span> 
     </span>
     <span class='ocr_line' id='line_1_19' title="bbox 222 2203 1336 2292; baseline -0.001 -23"><span class='ocrx_word' id='word_1_161' title='bbox 222 2205 271 2269; x_wconf 89' lang='lat' dir='ltr'><strong>bis</strong></span> <span class='ocrx_word' id='word_1_162' title='bbox 293 2205 404 2267; x_wconf 91' lang='lat' dir='ltr'><strong>miscet</strong></span> <span class='ocrx_word' id='word_1_163' title='bbox 424 2203 545 2284; x_wconf 86' lang='lat' dir='ltr'><strong>omnia,</strong></span> <span class='ocrx_word' id='word_1_164' title='bbox 566 2214 597 2267; x_wconf 90' lang='lat' dir='ltr'><strong>et</strong></span> <span class='ocrx_word' id='word_1_165' title='bbox 611 2205 672 2267; x_wconf 90' lang='lat' dir='ltr'><strong>tela</strong></span> <span class='ocrx_word' id='word_1_166' title='bbox 685 2207 752 2268; x_wconf 89' lang='lat' dir='ltr'><strong>iere</strong></span> <span class='ocrx_word' id='word_1_167' title='bbox 766 2203 944 2292; x_wconf 86' lang='lat' dir='ltr'><strong>suppeditat</strong></span> <span class='ocrx_word' id='word_1_168' title='bbox 957 2226 1036 2291; x_wconf 89' lang='lat' dir='ltr'><strong>quae</strong></span> <span class='ocrx_word' id='word_1_169' title='bbox 1050 2203 1136 2269; x_wconf 85' lang='lat' dir='ltr'><strong>Mars</strong></span> <span class='ocrx_word' id='word_1_170' title='bbox 1151 2206 1336 2268; x_wconf 81' lang='lat' dir='ltr'><strong>eiaculatur:</strong></span> 
     </span>
     <span class='ocr_line' id='line_1_20' title="bbox 220 2303 1335 2396; baseline -0.001 -24"><span class='ocrx_word' id='word_1_171' title='bbox 220 2308 354 2396; x_wconf 76' lang='lat' dir='ltr'>pessimi</span> <span class='ocrx_word' id='word_1_172' title='bbox 367 2327 443 2370; x_wconf 90' lang='lat' dir='ltr'><strong>sane</strong></span> <span class='ocrx_word' id='word_1_173' title='bbox 458 2303 639 2389; x_wconf 81' lang='lat' dir='ltr'><strong>demagogi,</strong></span> <span class='ocrx_word' id='word_1_174' title='bbox 666 2321 699 2372; x_wconf 94' lang='lat' dir='ltr'><strong>ut</strong></span> <span class='ocrx_word' id='word_1_175' title='bbox 715 2309 755 2371; x_wconf 91' lang='lat' dir='ltr'><strong>ab</strong></span> <span class='ocrx_word' id='word_1_176' title='bbox 769 2310 933 2390; x_wconf 83' lang='lat' dir='ltr'><strong>astrologis</strong></span> <span class='ocrx_word' id='word_1_177' title='bbox 945 2309 1153 2395; x_wconf 80' lang='lat' dir='ltr'><strong>appellantur,</strong></span> <span class='ocrx_word' id='word_1_178' title='bbox 1181 2327 1217 2370; x_wconf 86' lang='lat' dir='ltr'><strong>ac</strong></span> <span class='ocrx_word' id='word_1_179' title='bbox 1229 2308 1335 2393; x_wconf 85' lang='lat' dir='ltr'><strong>potius</strong></span> 
     </span>
     <span class='ocr_line' id='line_1_21' title="bbox 221 2408 1335 2500; baseline -0.002 -23"><span class='ocrx_word' id='word_1_180' title='bbox 221 2408 475 2500; x_wconf 80' lang='grc' dir='ltr'><strong><em>κοσμοκράτορες.</em></strong></span> <span class='ocrx_word' id='word_1_181' title='bbox 511 2432 601 2476; x_wconf 70' lang='lat' dir='ltr'><strong>&#39;nam</strong></span> <span class='ocrx_word' id='word_1_182' title='bbox 622 2412 673 2477; x_wconf 82' lang='lat' dir='ltr'><strong>vis</strong></span> <span class='ocrx_word' id='word_1_183' title='bbox 695 2425 727 2477; x_wconf 94' lang='lat' dir='ltr'><strong>et</strong></span> <span class='ocrx_word' id='word_1_184' title='bbox 748 2417 846 2492; x_wconf 83' lang='lat' dir='ltr'><strong>fraus,</strong></span> <span class='ocrx_word' id='word_1_185' title='bbox 870 2414 938 2476; x_wconf 89' lang='lat' dir='ltr'><strong>iure</strong></span> <span class='ocrx_word' id='word_1_186' title='bbox 959 2425 992 2475; x_wconf 91' lang='lat' dir='ltr'><strong>et</strong></span> <span class='ocrx_word' id='word_1_187' title='bbox 1008 2411 1141 2475; x_wconf 80' lang='lat' dir='ltr'><strong>veritate</strong></span> <span class='ocrx_word' id='word_1_188' title='bbox 1163 2410 1335 2498; x_wconf 76' lang='lat' dir='ltr'>oppressis,</span> 
     </span>
     <span class='ocr_line' id='line_1_22' title="bbox 221 2514 1336 2604; baseline -0.001 -25"><span class='ocrx_word' id='word_1_189' title='bbox 221 2518 402 2604; x_wconf 86' lang='lat' dir='ltr'><strong>plerumque</strong></span> <span class='ocrx_word' id='word_1_190' title='bbox 420 2536 524 2581; x_wconf 92' lang='lat' dir='ltr'><strong>rerum</strong></span> <span class='ocrx_word' id='word_1_191' title='bbox 546 2516 714 2604; x_wconf 88' lang='lat' dir='ltr'><strong>potiuntur.</strong></span> <span class='ocrx_word' id='word_1_192' title='bbox 766 2514 851 2601; x_wconf 88' lang='lat' dir='ltr'><strong>quod</strong></span> <span class='ocrx_word' id='word_1_193' title='bbox 869 2517 928 2580; x_wconf 90' lang='lat' dir='ltr'><strong>etsi</strong></span> <span class='ocrx_word' id='word_1_194' title='bbox 946 2516 991 2602; x_wconf 82' lang='lat' dir='ltr'><strong>ita</strong></span> <span class='ocrx_word' id='word_1_195' title='bbox 1004 2515 1037 2577; x_wconf 90' lang='lat' dir='ltr'><strong>in</strong></span> <span class='ocrx_word' id='word_1_196' title='bbox 1050 2527 1196 2602; x_wconf 90' lang='lat' dir='ltr'><strong>promptu</strong></span> <span class='ocrx_word' id='word_1_197' title='bbox 1211 2526 1274 2594; x_wconf 90' lang='lat' dir='ltr'><strong>est,</strong></span> <span class='ocrx_word' id='word_1_198' title='bbox 1300 2526 1336 2578; x_wconf 92' lang='lat' dir='ltr'><strong>ut</strong></span> 
     </span>
     <span class='ocr_line' id='line_1_23' title="bbox 222 2617 1337 2707; baseline -0.002 -22"><span class='ocrx_word' id='word_1_199' title='bbox 222 2622 358 2707; x_wconf 89' lang='lat' dir='ltr'><strong>optabile</strong></span> <span class='ocrx_word' id='word_1_200' title='bbox 380 2622 421 2690; x_wconf 87' lang='lat' dir='ltr'><strong>sit</strong></span> <span class='ocrx_word' id='word_1_201' title='bbox 442 2642 513 2686; x_wconf 90' lang='lat' dir='ltr'><strong>esso</strong></span> <span class='ocrx_word' id='word_1_202' title='bbox 534 2622 709 2702; x_wconf 87' lang='lat' dir='ltr'>obscurius,</span> <span class='ocrx_word' id='word_1_203' title='bbox 742 2630 848 2685; x_wconf 89' lang='lat' dir='ltr'><strong>tameo</strong></span> <span class='ocrx_word' id='word_1_204' title='bbox 869 2620 976 2685; x_wconf 89' lang='lat' dir='ltr'><strong>nescio</strong></span> <span class='ocrx_word' id='word_1_205' title='bbox 997 2640 1060 2705; x_wconf 91' lang='lat' dir='ltr'><strong>quo</strong></span> <span class='ocrx_word' id='word_1_206' title='bbox 1081 2617 1180 2683; x_wconf 91' lang='lat' dir='ltr'><strong>modo</strong></span> <span class='ocrx_word' id='word_1_207' title='bbox 1201 2618 1337 2684; x_wconf 87' lang='lat' dir='ltr'><strong>lectione</strong></span> 
     </span>
     <span class='ocr_line' id='line_1_24' title="bbox 221 2719 1337 2806; baseline 0.001 -20"><span class='ocrx_word' id='word_1_208' title='bbox 221 2724 421 2789; x_wconf 88' lang='lat' dir='ltr'>historiarum</span> <span class='ocrx_word' id='word_1_209' title='bbox 435 2726 535 2806; x_wconf 82' lang='lat' dir='ltr'><strong>magis</strong></span> <span class='ocrx_word' id='word_1_210' title='bbox 548 2726 672 2788; x_wconf 90' lang='lat' dir='ltr'><strong>animus</strong></span> <span class='ocrx_word' id='word_1_211' title='bbox 686 2736 902 2790; x_wconf 82' lang='lat' dir='ltr'><strong>commoretur</strong></span> <span class='ocrx_word' id='word_1_212' title='bbox 913 2736 945 2789; x_wconf 87' lang='lat' dir='ltr'><strong>et</strong></span> <span class='ocrx_word' id='word_1_213' title='bbox 958 2720 1000 2787; x_wconf 91' lang='lat' dir='ltr'><strong>ad</strong></span> <span class='ocrx_word' id='word_1_214' title='bbox 1013 2719 1273 2787; x_wconf 74' lang='lat' dir='ltr'><strong>considerandam</strong></span> <span class='ocrx_word' id='word_1_215' title='bbox 1284 2722 1337 2787; x_wconf 82' lang='lat' dir='ltr'><strong>ri-</strong></span> 
     </span>
     <span class='ocr_line' id='line_1_25' title="bbox 221 2824 1337 2908; baseline -0.001 -17"><span class='ocrx_word' id='word_1_216' title='bbox 221 2839 272 2891; x_wconf 87' lang='lat' dir='ltr'><strong>tae</strong></span> <span class='ocrx_word' id='word_1_217' title='bbox 294 2829 451 2889; x_wconf 84' lang='lat' dir='ltr'><strong>humanos</strong></span> <span class='ocrx_word' id='word_1_218' title='bbox 472 2828 539 2891; x_wconf 82' lang='lat' dir='ltr'><strong>sire</strong></span> <span class='ocrx_word' id='word_1_219' title='bbox 560 2827 876 2907; x_wconf 84' lang='lat' dir='ltr'><strong>comicotragosdiam</strong></span> <span class='ocrx_word' id='word_1_220' title='bbox 890 2830 959 2895; x_wconf 85' lang='lat' dir='ltr'><strong>sire</strong></span> <span class='ocrx_word' id='word_1_221' title='bbox 976 2824 1290 2908; x_wconf 85' lang='lat' dir='ltr'><strong>tragieooomoediam</strong></span> <span class='ocrx_word' id='word_1_222' title='bbox 1304 2837 1337 2890; x_wconf 89' lang='lat' dir='ltr'><strong>et</strong></span> 
     </span>
     <span class='ocr_line' id='line_1_26' title="bbox 221 2927 1336 3018; baseline 0 -24"><span class='ocrx_word' id='word_1_223' title='bbox 221 2931 381 2995; x_wconf 87' lang='lat' dir='ltr'><strong>miseriam</strong></span> <span class='ocrx_word' id='word_1_224' title='bbox 404 2929 498 2993; x_wconf 85' lang='lat' dir='ltr'><strong>simul</strong></span> <span class='ocrx_word' id='word_1_225' title='bbox 512 2939 544 2992; x_wconf 91' lang='lat' dir='ltr'><strong>et</strong></span> <span class='ocrx_word' id='word_1_226' title='bbox 558 2930 728 2995; x_wconf 77' lang='lat' dir='ltr'><strong>vanitatem</strong></span> <span class='ocrx_word' id='word_1_227' title='bbox 742 2930 925 3018; x_wconf 82' lang='lat' dir='ltr'><strong>impellitur:</strong></span> <span class='ocrx_word' id='word_1_228' title='bbox 951 2950 1032 3016; x_wconf 85' lang='lat' dir='ltr'><strong>quae</strong></span> <span class='ocrx_word' id='word_1_229' title='bbox 1045 2950 1105 2993; x_wconf 92' lang='lat' dir='ltr'><strong>nos</strong></span> <span class='ocrx_word' id='word_1_230' title='bbox 1119 2927 1160 2992; x_wconf 91' lang='lat' dir='ltr'><strong>ad</strong></span> <span class='ocrx_word' id='word_1_231' title='bbox 1174 2931 1270 2993; x_wconf 90' lang='lat' dir='ltr'><strong>eliam</strong></span> <span class='ocrx_word' id='word_1_232' title='bbox 1283 2930 1336 2994; x_wconf 78' lang='lat' dir='ltr'><strong>vi-</strong></span> 
     </span>
     <span class='ocr_line' id='line_1_27' title="bbox 222 3030 1336 3123; baseline -0.002 -24"><span class='ocrx_word' id='word_1_233' title='bbox 222 3046 303 3115; x_wconf 87' lang='lat' dir='ltr'><strong>tem,</strong></span> <span class='ocrx_word' id='word_1_234' title='bbox 328 3034 390 3123; x_wconf 93' lang='lat' dir='ltr'><strong>piis</strong></span> <span class='ocrx_word' id='word_1_235' title='bbox 414 3031 564 3098; x_wconf 84' lang='lat' dir='ltr'><strong>divinitus</strong></span> <span class='ocrx_word' id='word_1_236' title='bbox 585 3030 789 3121; x_wconf 77' lang='lat' dir='ltr'><strong>promIssem,</strong></span> <span class='ocrx_word' id='word_1_237' title='bbox 814 3034 928 3098; x_wconf 86' lang='lat' dir='ltr'><strong>meiori</strong></span> <span class='ocrx_word' id='word_1_238' title='bbox 942 3030 1047 3096; x_wconf 90' lang='lat' dir='ltr'><strong>studio</strong></span> <span class='ocrx_word' id='word_1_239' title='bbox 1062 3044 1094 3097; x_wconf 94' lang='lat' dir='ltr'><strong>et</strong></span> <span class='ocrx_word' id='word_1_240' title='bbox 1107 3031 1336 3099; x_wconf 85' lang='lat' dir='ltr'>ardentioribus</span> 
     </span>
     <span class='ocr_line' id='line_1_28' title="bbox 221 3121 1337 3226; baseline -0.004 -21"><span class='ocrx_word' id='word_1_241' title='bbox 221 3140 305 3205; x_wconf 78' lang='lat' dir='ltr'><strong>rotis</strong></span> <span class='ocrx_word' id='word_1_242' title='bbox 319 3135 528 3226; x_wconf 78' lang='lat' dir='ltr'><strong>expetendam</strong></span> <span class='ocrx_word' id='word_1_243' title='bbox 536 3121 675 3202; x_wconf 75' lang='lat' dir='ltr'><strong>excitare</strong></span> <span class='ocrx_word' id='word_1_244' title='bbox 691 3134 863 3217; x_wconf 87' lang='lat' dir='ltr'><strong>debebant,</strong></span> <span class='ocrx_word' id='word_1_245' title='bbox 889 3150 921 3201; x_wconf 89' lang='lat' dir='ltr'><strong>et</strong></span> <span class='ocrx_word' id='word_1_246' title='bbox 932 3134 1008 3201; x_wconf 88' lang='lat' dir='ltr'><strong>dum</strong></span> <span class='ocrx_word' id='word_1_247' title='bbox 1019 3137 1071 3199; x_wconf 90' lang='lat' dir='ltr'><strong>bio</strong></span> <span class='ocrx_word' id='word_1_248' title='bbox 1086 3156 1212 3218; x_wconf 90' lang='lat' dir='ltr'><strong>sumus,</strong></span> <span class='ocrx_word' id='word_1_249' title='bbox 1239 3138 1337 3202; x_wconf 85' lang='lat' dir='ltr'><strong>etiem</strong></span> 
     </span>
     <span class='ocr_line' id='line_1_29' title="bbox 222 3237 1336 3329; baseline -0.004 -22"><span class='ocrx_word' id='word_1_250' title='bbox 222 3238 452 3324; x_wconf 79' lang='lat' dir='ltr'><strong>diligentiores,</strong></span> <span class='ocrx_word' id='word_1_251' title='bbox 469 3238 701 3329; x_wconf 89' lang='lat' dir='ltr'><strong>prudentiores,</strong></span> <span class='ocrx_word' id='word_1_252' title='bbox 716 3254 748 3305; x_wconf 90' lang='lat' dir='ltr'><strong>et</strong></span> <span class='ocrx_word' id='word_1_253' title='bbox 761 3237 986 3307; x_wconf 87' lang='lat' dir='ltr'><strong>moderatiores</strong></span> <span class='ocrx_word' id='word_1_254' title='bbox 997 3242 1131 3304; x_wconf 86' lang='lat' dir='ltr'><strong>efficere.</strong></span> <span class='ocrx_word' id='word_1_255' title='bbox 1180 3262 1256 3305; x_wconf 87' lang='lat' dir='ltr'><strong>narn</strong></span> <span class='ocrx_word' id='word_1_256' title='bbox 1270 3252 1336 3305; x_wconf 85' lang='lat' dir='ltr'><strong>tro-</strong></span> 
     </span>
     <span class='ocr_line' id='line_1_30' title="bbox 221 3344 1334 3434; baseline -0.001 -24"><span class='ocrx_word' id='word_1_257' title='bbox 221 3346 307 3429; x_wconf 77' lang='lat' dir='ltr'><strong>gicos</strong></span> <span class='ocrx_word' id='word_1_258' title='bbox 328 3366 433 3427; x_wconf 86' lang='lat' dir='ltr'><strong>casus,</strong></span> <span class='ocrx_word' id='word_1_259' title='bbox 457 3367 588 3432; x_wconf 89' lang='lat' dir='ltr'><strong>quorum</strong></span> <span class='ocrx_word' id='word_1_260' title='bbox 608 3348 720 3434; x_wconf 88' lang='lat' dir='ltr'><strong>plenae</strong></span> <span class='ocrx_word' id='word_1_261' title='bbox 740 3357 812 3410; x_wconf 91' lang='lat' dir='ltr'><strong>sont</strong></span> <span class='ocrx_word' id='word_1_262' title='bbox 833 3347 1000 3426; x_wconf 89' lang='lat' dir='ltr'><strong>historiae,</strong></span> <span class='ocrx_word' id='word_1_263' title='bbox 1022 3347 1074 3411; x_wconf 80' lang='lat' dir='ltr'><strong>vel</strong></span> <span class='ocrx_word' id='word_1_264' title='bbox 1087 3366 1130 3409; x_wconf 82' lang='lat' dir='ltr'><strong>ex</strong></span> <span class='ocrx_word' id='word_1_265' title='bbox 1143 3344 1287 3433; x_wconf 85' lang='lat' dir='ltr'><strong>superbio</strong></span> <span class='ocrx_word' id='word_1_266' title='bbox 1301 3357 1334 3409; x_wconf 93' lang='lat' dir='ltr'><strong>et</strong></span> 
     </span>
     <span class='ocr_line' id='line_1_31' title="bbox 222 3448 1335 3532; baseline -0.002 -19"><span class='ocrx_word' id='word_1_267' title='bbox 222 3452 411 3531; x_wconf 91' lang='lat' dir='ltr'><strong>ambitione,</strong></span> <span class='ocrx_word' id='word_1_268' title='bbox 431 3453 484 3516; x_wconf 79' lang='lat' dir='ltr'><strong>vel</strong></span> <span class='ocrx_word' id='word_1_269' title='bbox 503 3470 545 3513; x_wconf 88' lang='lat' dir='ltr'><strong>ex</strong></span> <span class='ocrx_word' id='word_1_270' title='bbox 564 3451 751 3532; x_wconf 79' lang='lat' dir='ltr'><strong>negligentis</strong></span> <span class='ocrx_word' id='word_1_271' title='bbox 770 3462 803 3514; x_wconf 92' lang='lat' dir='ltr'><strong>et</strong></span> <span class='ocrx_word' id='word_1_272' title='bbox 819 3449 1011 3530; x_wconf 86' lang='lat' dir='ltr'><strong>temeritate,</strong></span> <span class='ocrx_word' id='word_1_273' title='bbox 1029 3452 1137 3515; x_wconf 79' lang='lat' dir='ltr'><strong>velex</strong></span> <span class='ocrx_word' id='word_1_274' title='bbox 1149 3449 1248 3512; x_wconf 90' lang='lat' dir='ltr'><strong>animi</strong></span> <span class='ocrx_word' id='word_1_275' title='bbox 1260 3448 1335 3512; x_wconf 92' lang='lat' dir='ltr'><strong>libi-</strong></span> 
     </span>
     <span class='ocr_line' id='line_1_32' title="bbox 223 3552 1336 3641; baseline -0.004 -22"><span class='ocrx_word' id='word_1_276' title='bbox 223 3552 297 3619; x_wconf 90' lang='lat' dir='ltr'><strong>dine</strong></span> <span class='ocrx_word' id='word_1_277' title='bbox 311 3567 342 3618; x_wconf 88' lang='lat' dir='ltr'><strong>et</strong></span> <span class='ocrx_word' id='word_1_278' title='bbox 355 3554 507 3619; x_wconf 91' lang='lat' dir='ltr'><strong>iniustitia</strong></span> <span class='ocrx_word' id='word_1_279' title='bbox 522 3566 625 3619; x_wconf 91' lang='lat' dir='ltr'><strong>ortum</strong></span> <span class='ocrx_word' id='word_1_280' title='bbox 637 3555 787 3619; x_wconf 90' lang='lat' dir='ltr'><strong>habuisse</strong></span> <span class='ocrx_word' id='word_1_281' title='bbox 798 3555 864 3618; x_wconf 85' lang='lat' dir='ltr'><strong>iere</strong></span> <span class='ocrx_word' id='word_1_282' title='bbox 876 3565 1014 3635; x_wconf 82' lang='lat' dir='ltr'><strong>constat3</strong></span> <span class='ocrx_word' id='word_1_283' title='bbox 1034 3573 1207 3641; x_wconf 86' lang='lat' dir='ltr'><strong>perpaucos</strong></span> <span class='ocrx_word' id='word_1_284' title='bbox 1218 3564 1336 3633; x_wconf 87' lang='lat' dir='ltr'><strong>autem,</strong></span> 
     </span>
     <span class='ocr_line' id='line_1_33' title="bbox 136 3655 1338 3747; baseline -0.002 -25"><span class='ocrx_word' id='word_1_285' title='bbox 136 3660 140 3669; x_wconf 62' lang='lat'><em>⁴</em></span> <span class='ocrx_word' id='word_1_286' title='bbox 224 3655 299 3724; x_wconf 90' lang='lat' dir='ltr'><strong>dum</strong></span> <span class='ocrx_word' id='word_1_287' title='bbox 319 3660 424 3724; x_wconf 85' lang='lat' dir='ltr'><strong>officio</strong></span> <span class='ocrx_word' id='word_1_288' title='bbox 443 3661 658 3740; x_wconf 78' lang='lat' dir='ltr'><strong>iungerentur,</strong></span> <span class='ocrx_word' id='word_1_289' title='bbox 684 3658 864 3747; x_wconf 80' lang='lat' dir='ltr'><strong>impegisse.</strong></span> <span class='ocrx_word' id='word_1_290' title='bbox 915 3657 1003 3721; x_wconf 89' lang='lat' dir='ltr'><strong>cuius</strong></span> <span class='ocrx_word' id='word_1_291' title='bbox 1015 3657 1061 3721; x_wconf 91' lang='lat' dir='ltr'><strong>rei</strong></span> <span class='ocrx_word' id='word_1_292' title='bbox 1072 3656 1214 3722; x_wconf 87' lang='lat' dir='ltr'><strong>Zonaras</strong></span> <span class='ocrx_word' id='word_1_293' title='bbox 1229 3665 1338 3721; x_wconf 86' lang='lat' dir='ltr'><strong>noster</strong></span> 
     </span>
     <span class='ocr_line' id='line_1_34' title="bbox 223 3760 1337 3850; baseline -0.004 -22"><span class='ocrx_word' id='word_1_294' title='bbox 223 3764 367 3850; x_wconf 85' lang='lat' dir='ltr'><strong>exempla</strong></span> <span class='ocrx_word' id='word_1_295' title='bbox 381 3783 481 3850; x_wconf 86' lang='lat' dir='ltr'><strong>paene</strong></span> <span class='ocrx_word' id='word_1_296' title='bbox 494 3763 671 3843; x_wconf 91' lang='lat' dir='ltr'><strong>innumera,</strong></span> <span class='ocrx_word' id='word_1_297' title='bbox 686 3763 719 3825; x_wconf 92' lang='lat' dir='ltr'><strong>in</strong></span> <span class='ocrx_word' id='word_1_298' title='bbox 729 3774 890 3850; x_wconf 87' lang='lat' dir='ltr'><strong>postremo</strong></span> <span class='ocrx_word' id='word_1_299' title='bbox 903 3774 990 3827; x_wconf 93' lang='lat' dir='ltr'><strong>tomo</strong></span> <span class='ocrx_word' id='word_1_300' title='bbox 1002 3762 1186 3849; x_wconf 86' lang='lat' dir='ltr'><strong>praesertim</strong></span> <span class='ocrx_word' id='word_1_301' title='bbox 1199 3760 1337 3845; x_wconf 86' lang='lat' dir='ltr'><strong>(absquo</strong></span> 
     </span>
     <span class='ocr_line' id='line_1_35' title="bbox 223 3867 1338 3955; baseline -0.003 -25"><span class='ocrx_word' id='word_1_302' title='bbox 223 3887 285 3954; x_wconf 86' lang='lat' dir='ltr'><strong>quo</strong></span> <span class='ocrx_word' id='word_1_303' title='bbox 299 3867 328 3932; x_wconf 89' lang='lat' dir='ltr'><strong>si</strong></span> <span class='ocrx_word' id='word_1_304' title='bbox 340 3878 438 3947; x_wconf 89' lang='lat' dir='ltr'><strong>esset,</strong></span> <span class='ocrx_word' id='word_1_305' title='bbox 453 3868 661 3955; x_wconf 88' lang='lat' dir='ltr'><strong>posteriorum</strong></span> <span class='ocrx_word' id='word_1_306' title='bbox 671 3868 894 3954; x_wconf 90' lang='lat' dir='ltr'><strong>imperatorum</strong></span> <span class='ocrx_word' id='word_1_307' title='bbox 902 3888 953 3930; x_wconf 92' lang='lat' dir='ltr'><strong>res</strong></span> <span class='ocrx_word' id='word_1_308' title='bbox 962 3878 1066 3947; x_wconf 83' lang='lat' dir='ltr'><strong>gestus</strong></span> <span class='ocrx_word' id='word_1_309' title='bbox 1076 3884 1188 3946; x_wconf 76' lang='lat' dir='ltr'><strong>magne</strong></span> <span class='ocrx_word' id='word_1_310' title='bbox 1197 3874 1338 3951; x_wconf 78' lang='lat' dir='ltr'><strong>exparte</strong></span> 
     </span>
     <span class='ocr_line' id='line_1_36' title="bbox 221 3965 1337 4059; baseline -0.004 -24"><span class='ocrx_word' id='word_1_311' title='bbox 221 3970 455 4056; x_wconf 78' lang='lat' dir='ltr'><strong>ignoraremus)</strong></span> <span class='ocrx_word' id='word_1_312' title='bbox 470 3970 657 4059; x_wconf 90' lang='lat' dir='ltr'><strong>compendio</strong></span> <span class='ocrx_word' id='word_1_313' title='bbox 673 3971 829 4059; x_wconf 84' lang='lat' dir='ltr'><strong>proponit.</strong></span> <span class='ocrx_word' id='word_1_314' title='bbox 879 3970 987 4056; x_wconf 89' lang='lat' dir='ltr'><strong>inquo</strong></span> <span class='ocrx_word' id='word_1_315' title='bbox 1001 3965 1337 4034; x_wconf 85' lang='lat' dir='ltr'><strong>etsieliialiadesids·</strong></span> 
     </span>
     <span class='ocr_line' id='line_1_37' title="bbox 216 4072 1336 4163; baseline -0.005 -23"><span class='ocrx_word' id='word_1_316' title='bbox 216 4073 293 4140; x_wconf 78' lang='lat' dir='ltr'><strong>‘rare</strong></span> <span class='ocrx_word' id='word_1_317' title='bbox 314 4087 445 4163; x_wconf 92' lang='lat' dir='ltr'><strong>possunt</strong></span> <span class='ocrx_word' id='word_1_318' title='bbox 467 4074 554 4160; x_wconf 90' lang='lat' dir='ltr'><strong>(quis</strong></span> <span class='ocrx_word' id='word_1_319' title='bbox 568 4076 653 4139; x_wconf 90' lang='lat' dir='ltr'><strong>enim</strong></span> <span class='ocrx_word' id='word_1_320' title='bbox 668 4074 840 4139; x_wconf 78' lang='lat' dir='ltr'><strong>satisfaciat</strong></span> <span class='ocrx_word' id='word_1_321' title='bbox 852 4072 1057 4155; x_wconf 81' lang='lat' dir='ltr'><strong>omnibusl),</strong></span> <span class='ocrx_word' id='word_1_322' title='bbox 1083 4083 1189 4135; x_wconf 86' lang='lat' dir='ltr'><strong>tamen</strong></span> <span class='ocrx_word' id='word_1_323' title='bbox 1204 4080 1336 4136; x_wconf 79' lang='lat' dir='ltr'><strong>moetus</strong></span> 
     </span>
     <span class='ocr_line' id='line_1_38' title="bbox 225 4172 1336 4265; baseline -0.003 -24"><span class='ocrx_word' id='word_1_324' title='bbox 225 4180 293 4243; x_wconf 85' lang='lat' dir='ltr'><strong>eius</strong></span> <span class='ocrx_word' id='word_1_325' title='bbox 308 4180 448 4261; x_wconf 79' lang='lat' dir='ltr'><strong>egregius</strong></span> <span class='ocrx_word' id='word_1_326' title='bbox 461 4190 554 4265; x_wconf 88' lang='lat' dir='ltr'><strong>atque</strong></span> <span class='ocrx_word' id='word_1_327' title='bbox 568 4180 744 4244; x_wconf 89' lang='lat' dir='ltr'><strong>institutum</strong></span> <span class='ocrx_word' id='word_1_328' title='bbox 757 4178 947 4265; x_wconf 83' lang='lat' dir='ltr'><strong>praeclarum</strong></span> <span class='ocrx_word' id='word_1_329' title='bbox 960 4176 1033 4256; x_wconf 82' lang='lat' dir='ltr'><strong>luit,</strong></span> <span class='ocrx_word' id='word_1_330' title='bbox 1048 4187 1165 4239; x_wconf 87' lang='lat' dir='ltr'><strong>certam</strong></span> <span class='ocrx_word' id='word_1_331' title='bbox 1177 4172 1336 4262; x_wconf 84' lang='lat' dir='ltr'><strong>quandam</strong></span> 
     </span>
     <span class='ocr_line' id='line_1_39' title="bbox 223 4277 1336 4372; baseline -0.004 -25"><span class='ocrx_word' id='word_1_332' title='bbox 223 4280 374 4349; x_wconf 84' lang='lat' dir='ltr'><strong>historiae</strong></span> <span class='ocrx_word' id='word_1_333' title='bbox 387 4283 477 4369; x_wconf 86' lang='lat' dir='ltr'><strong>quusi</strong></span> <span class='ocrx_word' id='word_1_334' title='bbox 491 4281 688 4372; x_wconf 85' lang='lat' dir='ltr'><strong>disciplinam</strong></span> <span class='ocrx_word' id='word_1_335' title='bbox 700 4279 923 4364; x_wconf 87' lang='lat' dir='ltr'><strong>constituendi,</strong></span> <span class='ocrx_word' id='word_1_336' title='bbox 945 4290 978 4345; x_wconf 85' lang='lat' dir='ltr'><strong>et</strong></span> <span class='ocrx_word' id='word_1_337' title='bbox 991 4277 1132 4368; x_wconf 83' lang='lat' dir='ltr'><strong>dispersa</strong></span> <span class='ocrx_word' id='word_1_338' title='bbox 1145 4279 1178 4344; x_wconf 91' lang='lat' dir='ltr'><strong>in</strong></span> <span class='ocrx_word' id='word_1_339' title='bbox 1192 4278 1336 4368; x_wconf 83' lang='lat' dir='ltr'><strong>plurimis</strong></span> 
     </span>
    </p>
   </div>
   <div class='ocr_carea' id='block_1_5' title="bbox 0 0 1480 4800">
    <p class='ocr_par' dir='ltr' id='par_1_5' title="bbox 0 0 1480 4800">
     <span class='ocr_line' id='line_1_40' title="bbox 0 0 1480 4800; baseline 0 0"><span class='ocrx_word' id='word_1_340' title='bbox 0 0 1480 4800; x_wconf 95' lang='lat' dir='ltr'><strong> </strong></span> 
     </span>
    </p>
   </div>
  </div>
 </body>
</html>
