2950 4800
557 243 806 315 PRAEFATIO.
1129 271 1238 319 xmx

124 434 260 500 cillimos
271 443 398 524 proptor
405 435 555 500 mucra
567 435 622 500 ille
636 433 791 502 scribendi
803 433 986 524 enm
1005 448 1038 502 et
1058 443 1115 522 τῆς
1131 445 1239 504 καλλι-

123 538 261 628 γραφίας
272 537 428 621 studium,
449 537 531 606 uude
542 541 666 606 infinite
679 553 782 604 errata
792 540 931 606 oriuntur
943 563 986 606 ex
996 542 1082 608 uuiti
1093 555 1240 610 uotum

125 644 314 708 mutatione:
340 663 421 732 quae
437 663 507 708 cum
519 645 632 710 alicubi
645 667 711 710 uon
726 642 897 708 dissimules
910 646 987 726 siut,
1006 645 1075 711 vim
1086 645 1240 714 divone-

124 749 240 812 simsm
256 749 387 812 habeut.
435 747 519 812 unde
531 750 646 814 haum
660 761 711 829 ut,
729 747 998 836 quemadmodum
1009 749 1188 816 Plutarchus
1201 773 1239 817 se

122 852 235 918 Istius
249 853 347 918 rerba
359 871 400 916 ex
412 853 588 936 cognitione
600 874 704 919 rerum
715 864 918 940 assequotom
930 853 1105 941 profitetur,
1121 854 1166 919 its
1177 875 1238 938 ego

123 975 219 1044 saepe
241 953 282 1020 de
304 958 453 1023 varietate
475 958 618 1024 lectionis
638 979 681 1022 ex
700 977 795 1023 sensu
808 969 841 1020 et
853 957 1085 1022 constructione
1097 957 1237 1024 diriusre

123 1061 188 1124 sim
208 1072 345 1142 coactos,
371 1061 493 1126 ratione
511 1064 602 1150 plane
620 1073 832 1150 praepostere.
880 1081 957 1127 nam
971 1072 1004 1124 et
1016 1062 1114 1128 verbs
1125 1082 1237 1145 rerum,

124 1175 159 1227 et
177 1165 296 1229 litterae
315 1167 484 1230 vorborum
504 1177 598 1231 notae
613 1176 647 1228 ut
659 1176 766 1228 essent
778 1175 852 1228 sont
863 1165 1023 1230 inventae.
1072 1185 1176 1251 neque
1190 1179 1240 1228 ts-

121 1287 197 1332 meu
209 1270 269 1332 hec
282 1271 408 1335 solertia
419 1289 473 1333 me
486 1267 635 1356 expedire
645 1267 758 1354 ubique
766 1269 958 1354 potuissem,
974 1269 1038 1330 nisi
1046 1269 1150 1354 plures
1158 1269 1241 1334 mihi

120 1370 247 1436 codices
267 1371 458 1461 suppeditati
472 1373 616 1437 luissent.
667 1390 800 1456 quorum
811 1383 875 1434 tres
888 1391 909 1433 e
921 1381 976 1434 tus
988 1371 1174 1436 bibliotheca
1187 1393 1241 1437 sc-

120 1476 209 1562 cepi,
231 1477 355 1557 maguis
370 1477 546 1564 sumptibus
557 1473 650 1563 cpoli
662 1475 859 1561 comparatos
872 1495 968 1564 opera
980 1485 1074 1563 etque
1087 1473 1240 1540 industrie

119 1580 240 1661 egregii
266 1579 330 1644 viri
355 1592 388 1643 et
413 1577 577 1668 prudentia
599 1577 774 1664 longinquis
794 1579 1092 1664 peregrinationibus
1113 1579 1241 1662 Ulyssis

118 1684 271 1770 exemplo
286 1703 323 1744 ac
337 1684 435 1746 multo
449 1703 552 1745 rerum
565 1701 622 1746 usu
635 1693 722 1769 parta
736 1682 827 1759 cleri,
852 1679 982 1746 loannis
999 1680 1238 1764 Damnum,

119 1787 175 1873 qui
196 1788 234 1850 iu
253 1789 358 1849 fronte
377 1786 581 1850 vetustissimi
602 1785 685 1848 illius
706 1783 827 1848 codicis
840 1775 876 1868 1)
895 1787 974 1850 haec
987 1788 1083 1850 verta
1096 1787 1238 1874 scripsitr

114 1887 322 1956 “chronicon
341 1887 468 1954 Ioannis
484 1887 627 1953 Zoomm
643 1887 766 1952 duobus
778 1889 877 1952 tomis
888 1887 1085 1970 dicundum,
1105 1910 1238 1976 quorum

119 1995 207 2082 prior
220 1992 386 2056 historiam
399 1989 559 2056 loduicum
569 1977 770 2080 potissimum
780 1994 821 2055 ab
831 1991 963 2058 exordio
970 1991 1082 2056 mundi
1089 1993 1239 2080 usquead

19 2149 20 2154 ,
119 2097 418 2180 Hierosolymorum
437 2095 610 2176 excidium,
637 2099 714 2160 alter
731 2095 955 2183 imporatorum
970 2108 1035 2159 tem
1048 2095 1238 2162 Graecorum
1311 2100 1321 2126 '

120 2221 216 2288 qoam
237 2199 455 2265 Romanorum
473 2221 523 2264 res
541 2212 645 2282 gestes
665 2221 763 2286 usque
778 2199 819 2264 ad
833 2200 937 2264 Alexii
950 2197 1105 2264 Gemueoi
1117 2201 1240 2266 obitum

120 2303 352 2392 complentur:
378 2323 461 2368 anuo
491 2302 613 2368 domini
642 2302 726 2368 1564
756 2303 847 2392 Gpoli
875 2305 910 2368 iu
935 2303 1014 2370 Pere
1035 2307 1105 2370 sire
1126 2303 1238 2371 Galate

123 2408 239 2495 (quam
260 2408 337 2472 olim
356 2408 449 2495 κέρας
468 2409 535 2475 sire
557 2407 660 2474 Cornu
681 2411 870 2497 appeliatum
888 2409 1017 2496 putent)
1041 2413 1104 2475 150
1118 2409 1239 2476 ducatis

121 2512 307 2593 liungaricis
321 2514 385 2576 emi
398 2533 416 2576 a
430 2514 595 2594 magnifico
609 2507 737 2577 domiuo
748 2512 886 2577 Antonio
898 2510 1132 2577 Gentemzeuo:
1152 2515 1239 2578 cuius

125 2614 260 2696 familia,
285 2614 362 2681 dum
382 2636 432 2680 res
451 2615 627 2700 Byzantina
650 2617 751 2695 stetit,
777 2615 1062 2702 imperatorieluit,
1087 2636 1169 2679 nunc
1182 2616 1241 2679 suh

124 2716 255 2784 Turcico
269 2717 434 2785 dominatu
447 2720 488 2783 ed
503 2722 658 2808 privatam
671 2716 889 2783 condicionem
900 2714 1025 2781 reducta
1038 2731 1102 2782 est:
1127 2720 1168 2782 ah
1183 2741 1241 2785 eo·

123 2844 184 2909 que
196 2834 326 2906 rugatus
340 2844 412 2889 sum
423 2836 457 2887 ut
470 2826 531 2889 boc
545 2844 625 2913 opus
639 2821 805 2911 sliqumdo
817 2820 1035 2904 excuderetur,
1048 2834 1082 2888 et
1093 2822 1241 2912 impressi

124 2925 241 2993 codicis
265 2928 328 2992 sibi
350 2928 441 3016 copia
464 2930 554 2993 fieret
573 2930 614 2994 ob
631 2929 789 2994 Zonarsm
802 2940 1032 2995 commotum.
1080 2941 1240 3015 prseteree

124 3030 297 3097 secuudum
314 3030 457 3099 Zonaras
478 3045 599 3099 tomum
619 3031 659 3098 de
679 3033 920 3122 imperatoribus
939 3030 1121 3097 conserendi
1141 3034 1240 3113 gretie

123 3137 163 3199 ab
185 3134 366 3201 Alexandro
390 3137 627 3225 chartophylace
639 3138 765 3219 triginta
780 3136 900 3201 ducatis
914 3125 1099 3217 {ingencia
1113 3156 1241 3223 compu-

123 3241 202 3307 ravi.
241 3242 339 3305 elium
350 3242 428 3305 item
439 3240 583 3306 Zonaras
597 3240 790 3312 libellumde
802 3240 894 3304 rebus
906 3241 1033 3327 imperii
1046 3250 1079 3302 et
1091 3241 1240 3304 ecclesiae

124 3364 143 3405 n
168 3342 376 3408 Constantino
399 3366 498 3430 usque
518 3342 558 3409 ed
582 3343 791 3411 Iustinianum
810 3344 1031 3431 imperatorem
1051 3364 1094 3409 ex
1113 3354 1239 3409 vetusto

124 3444 232 3511 codice
243 3447 511 3513 transcribendum
525 3447 665 3515 emavi-²²
718 3449 868 3512 hactenus
880 3449 943 3513 ille.
994 3458 1138 3533 quartum
1151 3444 1240 3511 codi-

126 3572 193 3615 cem
208 3542 267 3635 8),
295 3553 350 3637 qui
371 3572 390 3614 a
412 3552 617 3619 Constantino
640 3552 757 3634 Magno
777 3552 960 3639 incipiebat,
986 3549 1132 3615 omnibus
1146 3572 1241 3615 orna-

126 3656 240 3721 mentis
267 3656 456 3743 amplissimi
480 3656 557 3738 riri,
583 3655 706 3722 domini
731 3669 764 3722 et
789 3654 981 3721 discamuda
1004 3654 1085 3735 mei,
1111 3651 1241 3719 loannis

126 3756 232 3825 iacobi
245 3759 381 3841 Foggeri
395 3762 581 3827 bibliotheca
593 3762 834 3827 instructissima
848 3756 1071 3848 suppeditabit
1105 3757 1241 3843 denique

128 3874 248 3947 preater
267 3884 397 3929 omnem
415 3886 504 3952 spem
524 3878 558 3931 et
578 3867 844 3955 exspectationem
862 3884 971 3929 meam
990 3862 1120 3928 eocmsit
1138 3862 1241 3925 Vien-

130 3968 234 4033 umeis
254 3968 462 4034 bibliothecae
484 3970 586 4037 codex
600 3972 719 4055 integer
732 3962 788 4054 ³),
809 3968 1001 4052 benignitate
1015 3964 1164 4047 singulari
1176 3963 1241 4023 clt-

197 4164 234 4231 1)
287 4164 357 4219 inter
372 4170 475 4221 nothos
494 4166 546 4236 C.]

197 4232 235 4369 ii
269 4234 342 4373 [ili
