2950 4800
219 217 302 268 mv
670 169 874 267 nucmcu

322 381 478 452 Laudatur
490 395 646 473 praeterea
658 382 801 452 cundem
814 387 956 451 zonarae
967 381 1122 466 Lexicon,
1147 385 1264 475 dequo
1277 387 1322 452 ita

218 489 370 578 Iosephus
394 490 530 570 Scaliger
550 491 584 553 in
605 489 736 577 epistola
757 487 799 552 ati
816 487 961 554 isaacum
981 487 1215 570 Gasaubonum,
1242 511 1324 577 quae

220 605 268 657 est
288 592 330 658 48
350 595 431 658 inter
448 592 670 674 Scaligerianas
689 592 792 658 editas
811 588 893 673 “ego
908 613 1031 679 quoqne
1043 592 1154 658 videor
1166 595 1246 658 mibi
1260 617 1322 658 non

219 697 367 760 inutiliter
378 697 520 761 Zonarae
534 697 670 760 Lexicou
684 707 827 774 tractare,
843 694 926 780 quod
940 708 989 758 eat
1000 697 1033 758 iu
1046 697 1133 760 libris
1142 696 1323 762 soceritui”

221 800 368 880 (Hernici
387 799 556 886 Stephani)
578 794 628 862 “si
646 818 702 883 per
715 809 746 861 te
759 809 791 862 et
804 800 931 861 affinem
945 809 1032 864 tuum
1045 799 1176 863 Paulum
1188 801 1324 886 Stepha-

220 925 296 966 num
311 904 378 965 eius
392 923 484 966 usura
497 903 600 964 brevis
613 901 693 964 mibi
708 901 897 983 contingat.'’
941 899 1009 982 [ed.
1023 903 1064 964 ab
1079 909 1107 969 I.
1120 908 1165 970 A.
1179 909 1225 968 Η.
1243 907 1325 967 nta-

221 1030 337 1094 monne
348 1005 432 1092 Lips.
448 1006 530 1069 1808
551 1009 574 1078 42
587 1005 651 1069 voi.
666 1002 698 1070 4.
723 1002 780 1068 aad
793 1003 834 1068 de
845 1015 969 1068 auctore
980 1002 1072 1070 valde
1086 1003 1220 1086 dubita]

320 1107 466 1172 Meminit
492 1103 626 1192 denique
651 1104 785 1171 Ioannes
810 1107 986 1187 Fontanus,
1012 1108 1047 1170 in
1068 1108 1262 1196 praefatione
1283 1105 1326 1171 acl

219 1209 381 1276 historiam
400 1207 527 1275 loannis
548 1208 770 1290 mercenari,
795 1208 1116 1299 po’e'metumloannis
1129 1211 1272 1276 Zonarae
1285 1208 1327 1274 de

220 1313 424 1379 Processione
438 1313 563 1400 spiritus
578 1313 692 1393 sancti,
717 1333 798 1400 quae
813 1333 831 1376 a
846 1311 1046 1380 Genebrartic
1059 1314 1094 1377 in
1106 1315 1253 1382 Latinam
1263 1314 1328 1378 lin-

220 1437 313 1500 guam
335 1435 483 1482 conversa
498 1435 568 1479 esse
582 1418 738 1482 observat.
791 1433 829 1479 ea
842 1437 913 1480 eum
925 1417 958 1480 in
971 1418 1118 1482 omnibus
1130 1419 1196 1482 iere
1212 1419 1328 1482 biblio-

221 1521 320 1584 thecis
340 1529 447 1583 exacta
468 1519 544 1582 satis
563 1516 702 1582 adbibita
721 1517 880 1601 diligentia
893 1520 1131 1606 conquisierim,
1156 1533 1214 1585 uec
1227 1519 1329 1609 repeti

222 1645 280 1688 nec
300 1623 354 1685 ubi
377 1634 408 1684 et
426 1623 460 1685 in
482 1641 543 1706 quo
565 1617 758 1686 Genabrardi
776 1622 936 1688 volumine
955 1620 1040 1686 edite
1059 1625 1122 1688 sint
1140 1627 1180 1687 ab
1201 1626 1329 1688 huiusce

222 1727 306 1790 urbis
326 1725 403 1788 viris
423 1722 522 1787 doctis
536 1724 648 1787 rescire
661 1724 750 1812 potui
764 1714 812 1807 ¹).
863 1726 908 1789 sic
920 1746 1013 1812 porro
1023 1725 1183 1794 Pantanus
1198 1723 1330 1792 “Zona-

221 1849 290 1892 ram
309 1827 407 1892 fuisse
426 1827 655 1891 schismaticum
675 1827 784 1891 testari
801 1840 934 1914 possunt
953 1828 1022 1893 eius
1041 1831 1188 1918 pob'mata
1207 1833 1330 1894 aculea-

221 1932 344 1996 tissima
365 1927 405 1994 de
425 1931 624 2018 processione
641 1931 894 2017 sanctispiritus,
919 1943 952 1995 et
964 1933 1025 1996 alia
1038 1932 1188 1998 adversos
1202 1935 1331 1997 Latinos
1354 1957 1356 1961 ¹

223 2034 409 2122 composita,
425 2055 505 2120 quae
517 2031 734 2100 Gcnebrardns
747 2031 823 2098 dum
835 2045 1038 2114 converteret,
1054 2055 1090 2100 se
1100 2035 1331 2098 criminationes

223 2139 292 2202 illas
315 2138 459 2202 omisisse
481 2135 617 2201 nnnrt²'
671 2157 751 2223 quae
772 2136 899 2223 quidem
917 2138 1077 2224 ipsissima
1090 2137 1223 2203 Pontani
1234 2137 1330 2203 verba

225 2242 388 2328 exscripsit
400 2240 529 2304 Allatius
541 2241 575 2303 in
590 2237 799 2322 Creygto'nom
812 2231 862 2322 ²).
1149 2316 1153 2321 ⁴

324 2341 492 2409 Enimvero
516 2355 637 2432 praeter
660 2341 899 2433 supralaudato
921 2339 1049 2408 loannis
1069 2341 1212 2406 &name
1233 2360 1330 2429 opera

225 2447 474 2512 circumter-untur
500 2448 620 2536 passim
645 2447 680 2511 in
709 2446 905 2511 bibliothecis
935 2444 1094 2531 Epistulae
1126 2445 1330 2527 dogmaticae,

224 2553 417 2616 continentes
438 2552 649 2617 obscuriorum
671 2570 777 2615 sacrae
797 2548 971 2636 Scripturoe
989 2549 1127 2612 iocorum
1146 2548 1332 2636 explicatio-

227 2676 313 2734 nem,
332 2676 461 2719 numero
475 2676 532 2719 sex
546 2666 576 2717 et
590 2655 825 2741 quinquaginta,
839 2672 969 2739 quarum
980 2651 1095 2715 sedem
1107 2663 1139 2714 et
1151 2664 1332 2733 argumenta

226 2756 387 2844 descripsit
408 2760 518 2821 Petrus
540 2756 725 2821 Lambecius
739 2750 792 2840 ⁸)3
816 2777 894 2841 quaa
914 2753 1041 2842 quidem
1059 2752 1172 2819 Ioanni
1188 2754 1332 2820 Zonarm

225 2858 354 2946 quidam
373 2856 510 2937 codices,
531 2858 584 2919 atii
605 2857 752 2922 Michaeti
770 2857 887 2939 Glycae
904 2856 1095 2936 adscribunt,
1118 2856 1199 2922 aden
1211 2860 1334 2921 utbac-

226 2974 317 3026 tenus
331 2964 481 3025 incertum
493 2970 617 3023 maneat
630 2960 727 3023 utrius
741 2960 821 3022 sint:
845 2960 970 3023 tametsi
979 2958 1012 3021 iu
1023 2978 1096 3022 eam
1104 2958 1333 3026 videaturccn·

227 3065 337 3129 cedere
357 3065 542 3129 sententiam
558 3063 624 3127 Leo
637 3062 767 3127 attactu·
780 3052 821 3144 4)
838 3072 873 3124 ut
887 3060 1005 3143 Glycae
1018 3062 1123 3148 potius
1136 3065 1205 3127 itlaa
1218 3066 1333 3129 tribuat

229 3190 321 3254 qoam
344 3170 500 3247 zonarae,
525 3167 580 3229 ubi
602 3166 647 3229 ita
668 3165 774 3231 scribit
794 3160 894 3228 “baec
915 3176 949 3227 et
970 3165 1031 3227 alia
1051 3164 1187 3230 Michaei
1208 3165 1332 3248 Glycas,

225 3273 360 3359 ¹epistola
387 3273 464 3335 satis
489 3270 610 3357 prolixa
637 3267 678 3332 ad
704 3265 899 3334 Ioannicium
920 3269 1108 3333 monachum
1130 3282 1190 3336 etc.
1239 3271 1333 3335 buius

229 3376 324 3438 etiam
346 3375 511 3463 epistolam
532 3370 572 3437 de
590 3372 648 3435 bac
665 3370 778 3437 eadem
791 3393 826 3436 re
839 3394 874 3437 se
888 3373 1002 3455 legisse
1014 3374 1120 3437 scribit
1132 3374 1335 3439 casaubonus

231 3616 292 3654 esse
320 3600 368 3655 aed
396 3600 532 3670 Zonaras,
566 3620 603 3659 nn
637 3618 651 3656 r
678 3600 803 3671 exposuit
827 3601 957 3657 Emeatna
984 3602 1210 3671 Dronkiua·(lte
1237 3602 1336 3658 Niceta

231 3668 342 3724 Decide.
368 3670 457 3733 conti.
482 3672 561 3729 1839.
583 3675 630 3728 4.
673 3670 785 3724 Nicetee
812 3669 1054 3742 interpretationem
1080 3673 1200 3726 Zonaras
1228 3672 1336 3726 videtnr

229 3739 417 3808 amplificasse,
444 3748 475 3795 ut
490 3743 569 3796 facila
585 3740 692 3811 utrique
708 3738 813 3793 libellus
828 3742 1003 3795 tribueretur.
1038 3741 1161 3795 Zonarae
1177 3742 1336 3863 prooemium

230 3824 290 3861 curn
305 3808 533 3865 Tetrasticborurn
549 3809 725 3881 explicatione
742 3809 841 3862 babere
857 3812 946 3863 ierom
961 3812 1044 3864 codex
1061 3811 1161 3879 Regina
1201 3811 1336 3865 aniciensis

231 3876 299 3999 932,
334 3880 432 3933 anemli
456 3879 507 3934 XV
530 3880 663 3947 ineuntis,
686 3884 790 3951 emptus
812 3879 893 3951 panio
918 3887 981 3951 poet
1004 3879 1135 3934 Zonaranr
1158 3896 1176 3938 a
1198 3878 1337 3951 Ducaugic

231 3956 340 4001 ertum.
1045 3950 1052 3966 “

300 4018 317 4073 l
346 3946 415 4085 ][v.
434 4014 552 4071 Fabricii
566 4014 690 4077 Biblictb.
707 4014 1049 4089 gr.eon.x(tta1)p.
1066 4016 1164 4072 stov.
1182 4014 1228 4086 7.]

300 4086 340 4219 i)
373 4083 505 4211 it³i⁶⁶n
522 4154 592 4208 atat.
611 4154 722 4207 cnm.

273 4292 275 4297 Δ
301 4226 339 4290 t)
374 4224 628 4295 contrectantem
645 4241 672 4295 p.
689 4220 752 4278 5⁴14.
