2950 4800
236 259 343 306 xxxvr
571 229 817 302 HIERONYllll
840 225 1015 302 Wosrss'

401 419 498 476 ωοιιιι
514 419 624 476 unum·
642 417 748 472 mas
762 416 880 490 runa
895 417 1036 490 mgna«

235 523 335 609 inquit
348 523 417 604 ills,
443 534 475 586 et
488 523 550 586 alio
564 524 633 585 loco

397 636 526 710 quidquid
542 641 626 706 agunt
641 633 777 700 honines,
792 638 900 702 somn,
920 632 1015 702 timor,
1032 633 1089 703 irs,
1106 633 1241 707 voluptas,

397 723 512 796 madia,
528 721 662 778 dirum
679 717 765 774 nostri
780 718 889 788 farrago
906 719 1000 774 libelli.

337 843 429 926 Quae
442 865 513 910 curn
526 845 570 908 ita
585 865 620 908 se
632 843 784 919 habeant,
800 851 832 902 st
844 840 1036 928 philosopho
1044 854 1170 908 auctore
1179 843 1347 925 singularia

232 948 354 1013 infinita
367 951 430 1014 sint
441 971 498 1013 nec
508 949 578 1012 ullis
589 946 737 1011 scientiae
746 944 897 1010 limitibus
905 943 1021 1008 includi
1029 947 1168 1031 possint,
1182 948 1348 1035 praecipua

233 1054 337 1116 exiis
359 1055 436 1118 scire
458 1051 535 1116 satis
556 1062 605 1114 est
626 1047 879 1132 (dehominibus
893 1048 1052 1136 occupatis
1065 1052 1194 1138 loquor)
1217 1062 1248 1115 et
1262 1050 1349 1114 ordi-

232 1177 306 1218 nem
320 1167 495 1245 temporum
509 1175 545 1217 ac
557 1174 661 1219 rerum
675 1161 833 1234 gestarum
845 1154 952 1217 animo
964 1155 1138 1240 complecti.
1191 1174 1286 1239 quarn
1307 1152 1349 1219 ad

232 1279 300 1322 rem
319 1282 384 1324 non
404 1281 514 1348 parum
534 1255 708 1322 adiumenti
724 1255 835 1320 afferet
847 1257 990 1322 Zonaras
1002 1270 1127 1339 noster,
1152 1259 1207 1342 qni
1219 1260 1259 1321 ab
1273 1260 1349 1322 orbe

233 1360 359 1426 condito
382 1365 559 1452 auspicatus
581 1362 622 1427 ad
643 1379 734 1425 suam
756 1381 855 1446 usque
876 1372 1028 1440 aetatem,
1054 1364 1115 1426 hoc
1129 1374 1178 1426 est
1191 1361 1233 1426 ad
1247 1383 1349 1427 annos

233 1467 345 1530 abhinc
369 1469 502 1555 amplios
524 1465 589 1531 400
611 1465 774 1554 processit.
827 1467 946 1552 inquo
967 1485 1096 1530 necesse
1117 1464 1350 1552 babuitprims

233 1571 322 1654 quasi
335 1591 437 1634 rerum
450 1581 607 1651 gestarum
620 1569 771 1630 cunabula
786 1589 828 1631 ex
839 1571 951 1634 litteris
965 1570 1078 1651 sacris,
1102 1566 1241 1656 Iosepbo
1255 1580 1350 1654 atque

234 1674 304 1736 aliis
318 1674 518 1760 scriptoribus
533 1672 665 1736 vetustis
677 1681 828 1756 repetere.
879 1674 1079 1758 quaanobis,
1096 1671 1351 1758 siabsqushiose

232 1775 359 1854 fuisset,
379 1777 470 1864 plane
483 1777 610 1857 ignotae
623 1783 744 1838 essent:
765 1772 816 1834 cui
829 1794 889 1839 nos
903 1786 939 1836 ut
949 1774 1100 1840 divinitus
1114 1774 1226 1841 edocto
1238 1777 1349 1858 religio

233 1890 355 1958 nostra,
375 1881 519 1966 quamvis
533 1875 717 1944 adversante
732 1875 951 1965 pbilosophis,
968 1876 1094 1940 credere
1106 1879 1193 1943 iubet
1206 1900 1243 1942 sc
1256 1881 1351 1961 cogit.

234 1993 302 2046 utut
323 1983 379 2063 sit,
405 1996 563 2048 auctorem
584 2002 623 2045 eo
646 1979 855 2064 antiquiorem
874 1992 907 2044 et
925 1979 1089 2043 certiorem
1104 2002 1169 2045 nnn
1185 1983 1350 2052 habemus.

234 2097 284 2150 ast
307 2088 391 2150 enim
415 2086 540 2154 Iudaica
562 2085 693 2149 historia
716 2085 814 2148 veluti
832 2081 1070 2147 hmdamentnm
1091 2095 1145 2145 aut
1163 2085 1352 2172 principium
1470 2100 1471 2105 ’

234 2201 424 2256 caeterarum
436 2192 596 2257 omnium:
622 2199 654 2250 et
668 2187 770 2268 gentis
782 2188 866 2252 illius
879 2187 995 2251 mirum
1008 2182 1168 2272 quoddam
1180 2191 1298 2266 latum,
1314 2203 1351 2254 ut

96 2349 101 2365 ,
233 2313 336 2380 paena
358 2306 456 2361 toturn
475 2307 625 2358 terrarum
645 2293 755 2355 orbem
769 2304 952 2379 pervagata,
977 2292 1012 2354 in
1025 2291 1158 2355 summis
1172 2303 1351 2356 exterarum

234 2400 374 2479 gentium
395 2399 477 2465 odiis
498 2410 530 2462 et
548 2393 835 2478 adversationibus,
863 2411 969 2462 tamen
982 2395 1149 2484 opiniones
1164 2416 1238 2459 suas
1252 2395 1351 2459 mira·

234 2502 292 2565 bili
306 2504 374 2567 sire
387 2503 555 2592 pertinacia
567 2502 637 2567 sire
652 2504 826 2565 constantia
840 2500 1029 2580 detenderit,
1045 2511 1138 2585 atque
1149 2500 1244 2563 etiam
1253 2499 1351 2563 hodie

233 2617 372 2688 tueatur,
398 2620 431 2673 et
443 2610 560 2672 multos
573 2605 607 2669 in
620 2626 710 2670 suam
723 2607 911 2671 sententiam
923 2605 1115 2693 pertraxerit.
1167 2606 1258 2689 quale
1270 2604 1352 2667 nihil

234 2708 267 2773 in
283 2712 412 2777 caeteris
425 2712 548 2799 populis
561 2710 710 2774 cernitur:
736 2731 869 2795 quorum
882 2709 1050 2787 historiae,
1071 2707 1198 2771 insertis
1210 2708 1306 2771 etiam
1318 2720 1351 2771 et

235 2815 397 2900 explicatis
411 2814 553 2878 Danielis
568 2824 599 2876 et
610 2814 743 2877 aliorum
752 2817 975 2901 prophetarum
983 2811 1131 2889 oraculis,
1145 2812 1246 2875 obiter
1254 2811 1351 2874 attin-

234 2928 361 2997 guntur,
383 2930 418 2981 ut
431 2916 654 3003 Aegyptiacae,
671 2916 835 2998 Assyriae,
852 2916 1011 2993 Persicae,
1027 2911 1262 2992 Macedonicae,
1280 2913 1351 2979 Ro·

234 3040 357 3088 manae.
409 3038 586 3107 quanquam
600 3020 649 3082 his
663 3020 817 3106 peculiare
830 3022 979 3085 volumen
992 3016 1167 3099 deffimvit,
1192 3016 1276 3104 quod
1290 3038 1350 3099 ego

233 3124 269 3188 in
292 3122 370 3188 duas
391 3136 495 3212 partes
517 3122 663 3202 distinxi,
688 3134 720 3186 et
735 3121 930 3189 Christianos
942 3124 1147 3210 imperatores
1161 3123 1202 3185 ab
1216 3122 1350 3185 ethnicis

236 3228 396 3315 seperari,
415 3240 449 3291 ut
462 3239 562 3293 totum
575 3248 654 3314 opus
666 3227 853 3315 tripartitum
867 3241 961 3294 esset.
1013 3222 1053 3290 de
1065 3227 1153 3289 cuius
1167 3236 1352 3307 argumento

235 3331 395 3399 hactenus.
446 3352 527 3395 nunc
542 3332 638 3394 etiam
653 3328 692 3396 de
707 3336 790 3415 stylo
804 3334 939 3397 auctoris
952 3330 1096 3396 nonnihil
1110 3342 1158 3393 est
1174 3328 1351 3410 dicendum,

179 3436 182 3443 '
235 3435 289 3521 qui
303 3456 373 3499 curn
386 3458 451 3500 non
465 3436 556 3499 unius
571 3436 613 3498 sit
624 3437 746 3515 generis
756 3449 788 3500 et
795 3442 933 3516 formae,
947 3433 1003 3526 sed
1014 3456 1070 3522 pro
1078 3434 1230 3499 varietate
1240 3446 1351 3497 aucto-

234 3559 319 3619 rum,
345 3561 364 3602 e
378 3541 489 3626 quibus
503 3540 581 3602 baec
594 3540 690 3625 petita
707 3552 796 3622 sunt,
821 3543 935 3629 etipse
948 3540 1065 3618 variet,
1086 3538 1122 3601 in
1134 3538 1246 3603 ultimo
1259 3549 1350 3601 tomo

234 3644 433 3729 praesertim,
459 3662 520 3728 qua
539 3654 640 3705 aetate
661 3638 781 3707 Graeca
801 3646 915 3732 pariter
929 3655 961 3708 st
973 3642 1119 3707 Romarm
1132 3642 1237 3724 lingua
1252 3638 1351 3722 dege—

236 3748 373 3826 neravit,
400 3746 512 3812 eruditi
524 3746 669 3811 homines
682 3746 716 3809 in
730 3771 770 3813 eo
782 3750 927 3813 nonnihil
941 3745 1171 3811 desiderabunt.
1223 3743 1353 3810 deside-

237 3850 306 3915 rari
327 3862 360 3914 et
377 3852 446 3940 ipse
467 3850 627 3929 nonnihil,
653 3853 879 3938 parsimoniam
898 3854 933 3916 in
954 3852 1064 3938 primis
1085 3849 1351 3915 Demosthenicas

236 3954 405 4037 orationis,
432 3974 510 4042 quae
523 3976 596 4017 meo
610 3958 715 4041 palato
730 3960 823 4039 longe
834 3958 894 4021 tuit
906 3956 1037 4038 gratior,
1063 3952 1151 4019 etad
1166 3964 1351 4018 converten-

235 4056 311 4123 dum
325 4082 389 4125 non
401 4070 522 4123 tantum
535 4056 698 4123 iucundior
711 4059 767 4125 sed
781 4062 877 4125 etiarn
889 4059 1026 4123 facilior:
1047 4068 1115 4121 utut
1128 4058 1199 4121 aliis
1213 4055 1350 4121 difficilis

234 4160 391 4243 rideatur,
406 4175 438 4227 et
451 4180 523 4224 mea
537 4162 687 4226 tenuitate
701 4166 854 4253 superior.
903 4162 1020 4226 namin
1031 4162 1224 4226 hocauctore
1235 4162 1352 4223 multas

235 4276 307 4327 sunt
320 4278 372 4329 aut
384 4266 465 4331 mihi
476 4278 559 4331 certe
570 4286 641 4330 esse
650 4266 1048 4355 ridenturmproootoylor,
1065 4284 1145 4351 quae
1154 4263 1352 4331 utGraecum
