2950 4800
211 272 291 345 566
692 278 849 348 NOTAE.

211 454 406 521 commodent
436 456 615 545 scriptoress
648 460 731 545 quod
759 460 885 547 quidem
912 458 945 523 in
971 458 1073 538 lictis,
1106 480 1182 544 quas
1208 457 1262 521 hle
1288 460 1322 521 'm

209 564 352 626 praesens
373 542 510 621 edimus,
541 566 597 628 pro
617 546 699 608 virili
718 550 939 630 praestitimus,
970 548 1005 607 in
1024 548 1063 608 iis
1083 552 1221 607 maxime
1242 564 1322 627 quae

209 632 395 711 Bysantinae
430 629 573 693 historiae
607 633 804 695 illustrundae
838 632 1027 708 conducunt3
1071 632 1320 715 quandoquidem

208 715 301 776 hosce
329 717 464 777 Annales
491 720 682 799 publicamus
708 722 832 781 caeteris
860 738 960 779 rerum
980 720 1221 799 Byzantinarum
1243 720 1321 777 sori-

230 802 345 863 torihns
368 804 449 883 typis
471 806 575 881 Regiis
594 803 742 865 hactenus
763 808 914 886 expressis
936 801 1154 882 adiungendus.
1197 822 1269 863 nam
1287 814 1322 863 ut

239 885 434 969 heophanem
455 908 491 947 ao
510 891 594 950 illius
616 892 864 969 continuatum,
893 892 946 951 vel
967 892 1021 971 qui
1041 901 1076 949 ut
1096 894 1235 950 Zonaras
1255 892 1323 949 An·

207 974 294 1033 neles
324 993 343 1032 a
370 973 479 1035 mundi
505 974 629 1036 conditu
656 976 697 1035 ad
723 997 778 1037 sua
802 987 953 1057 tempora,
984 976 1045 1035 alia
1064 977 1143 1037 forte
1163 972 1324 1051 methodo,

206 1056 432 1137 perduxerunt,
471 1061 635 1139 Georgium
669 1060 859 1140 cedrenum,
898 1062 1062 1139 Georgium
1098 1062 1324 1135 Hamas-tolum,

207 1145 393 1224 symeonem
426 1144 646 1226 Logothetam,
687 1149 834 1208 loannem
870 1147 1042 1227 Scylitsen,
1085 1146 1323 1205 constantinum

205 1230 397 1308 manassem,
433 1230 617 1291 michaelem
650 1234 796 1315 Glycam,
831 1233 947 1291 loelem
979 1241 1009 1290 et
1040 1232 1115 1291 alios
1146 1229 1325 1291 istiusmodi

207 1334 280 1375 oum
304 1318 372 1396 ipso
397 1318 517 1377 Zonara
542 1337 765 1399 compararem,
796 1318 947 1377 absonum
966 1334 1087 1395 prorsus
1107 1316 1212 1377 risum
1233 1324 1324 1391 esset,

207 1420 279 1467 outre
300 1405 373 1469 satis
393 1410 425 1467 et
444 1401 565 1467 abunde
586 1405 644 1480 sit,
668 1405 695 1462 si
716 1422 795 1485 quae
814 1413 889 1465 sunt
908 1410 994 1461 extra
1013 1420 1105 1467 usum
1126 1420 1324 1460 commune·

207 1488 260 1550 rel
282 1489 445 1548 acaeteris
466 1489 596 1565 intacta,
616 1491 650 1547 in
670 1492 765 1549 Notas
785 1490 969 1564 referantur,
990 1505 1033 1545 ex
1053 1486 1164 1567 qulbus
1182 1488 1324 1566 scriptori

206 1570 266 1631 lux
290 1582 449 1653 ,utcunque
478 1574 634 1651 effulgeat.
676 1576 739 1633 iam
768 1594 840 1635 sero
862 1592 934 1632 oum
954 1572 988 1630 in
1009 1572 1178 1633 universam
1199 1572 1324 1651 Byzan-

71 1660 78 1671 “
206 1659 304 1715 tinam
332 1654 492 1721 historiam
523 1670 703 1742 perpetuos,
734 1670 771 1719 ut
799 1662 844 1718 ita
873 1656 989 1732 dimus,
1022 1675 1078 1716 seu
1106 1658 1162 1737 qui
1192 1658 1324 1737 singulis

205 1742 290 1801 illius
320 1744 514 1819 scriptoribus
543 1746 641 1822 aptari
667 1747 803 1825 possint,
836 1742 1063 1803 commentemur
1093 1736 1227 1801 antehac
1255 1740 1325 1801 edi-

207 1825 322 1901 derim,
351 1824 468 1893 duobus
489 1828 655 1915 publicatis
671 1828 897 1905 voluminibus,
919 1848 1049 1909 quorum
1069 1828 1201 1886 alterurn
1219 1828 1324 1885 lierni-

204 1911 265 1977 lias
291 1915 445 1991 Augustas
465 1924 496 1971 et
516 1914 703 1975 Dalmaticas
726 1934 790 1973 una
812 1933 883 1973 cnm
903 1915 987 1973 urbis
1008 1912 1185 1993 cpolitanse
1207 1910 1325 1975 deort-

204 2000 325 2079 ptione,
347 2000 478 2063 alterium
498 1998 619 2065 mediae
640 2009 672 2059 et
689 2000 813 2062 Musae
834 2000 1011 2059 Graecitatis
1029 1999 1221 2057 Glossarium
1237 2018 1324 2057 cosn-

204 2084 373 2169 plectatur,
403 2086 435 2141 iu
465 2103 525 2164 quo
552 2104 615 2145 non
638 2083 729 2148 modo
751 2083 1132 2145 vocabulamixobarbara
1153 2082 1325 2143 sedetiam

206 2166 369 2247 dignitates
398 2169 552 2249 palatinae
578 2170 725 2233 militares
754 2170 975 2235 ecclesiasticae
1003 2179 1035 2227 et
1055 2172 1244 2228 monasticae
1265 2190 1326 2229 ex·
1447 2172 1448 2183 ¹

204 2254 378 2337 plicantur,
414 2274 511 2319 uuum
542 2267 698 2334 supererat
726 2266 763 2321 ut
793 2257 859 2323 sola
888 2253 1036 2313 duntaxat
1064 2253 1145 2312 facta
1175 2256 1324 2314 illustrari

204 2359 296 2420 posse
328 2340 497 2408 arbitrarer,
539 2339 622 2422 quod
652 2338 777 2423 quidem
805 2342 849 2402 ita
877 2358 896 2402 a
924 2359 974 2399 ma
1003 2340 1184 2420 praestitum
1208 2350 1256 2399 est
1279 2350 1323 2418 nt,

204 2427 234 2486 si
256 2424 330 2506 quid
350 2429 383 2484 in
404 2445 496 2506 supra
516 2429 691 2496 memoratis
708 2427 969 2488 lucubrationibus
988 2423 1169 2501 excidisset,
1191 2425 1323 2486 subinde

206 2523 399 2587 annotarem,
431 2511 525 2594 idque
553 2531 644 2598 saepe
672 2533 712 2571 ex
741 2513 937 2594 scriptoribus
964 2509 1103 2587 ineditis,
1133 2529 1175 2570 ne
1204 2513 1257 2571 vel
1283 2530 1322 2572 ex
1369 2561 1374 2568 .

205 2597 323 2662 incuria
350 2606 454 2664 nostra
483 2597 534 2658 vel
560 2617 601 2658 ex
628 2601 794 2658 memoriae
819 2599 908 2680 lapsu
930 2594 1125 2677 dispendium
1145 2597 1247 2660 lector
1266 2617 1322 2677 ps-

204 2684 307 2748 tiatur.
350 2682 405 2744 sad
441 2693 472 2742 et
507 2685 605 2750 varim
636 2681 791 2748 interdum
820 2683 963 2742 lectiones
994 2701 1035 2748 ex
1060 2685 1202 2746 Zonarae
1230 2703 1320 2742 manu

206 2766 365 2850 descriptis
395 2767 566 2844 codicibus,
599 2789 674 2850 quos
695 2767 799 2827 videre
822 2770 964 2848 contigit,
995 2765 1125 2830 subinde
1146 2771 1320 2844 inserlmm,

203 2856 424 2936 praetermissis
455 2855 571 2912 interea
604 2857 781 2935 synonymis
810 2864 957 2935 tanquam
989 2853 1104 2912 nullius
1134 2853 1320 2934 compendii,

204 2937 288 3018 quod
312 2949 342 3000 et
362 2957 395 3002 se
415 2939 524 3001 fecisse
545 2939 703 3018 profitetur
722 2939 856 3000 Woliins
876 2941 1044 3022 interprest
1074 2940 1162 2998 culus
1184 2941 1320 3021 alioquin

203 3023 298 3083 Notas
323 3025 416 3103 priori
441 3021 568 3085 editioni
591 3023 727 3090 subditas
749 3026 952 3092 campestris
974 3023 1026 3084 edi
1045 3025 1109 3088 suis
1130 3024 1211 3084 locis
1234 3045 1319 3084 curs-

204 3110 322 3184 vimus,
348 3111 451 3168 littera
470 3112 603 3178 nominis
624 3111 735 3171 initiali
755 3113 800 3170 W
821 3108 984 3186 indicatas,
1006 3111 1231 3194 praetermissis
1253 3115 1321 3192 qul-

203 3193 335 3261 busdam
353 3195 525 3263 inutilibus,
568 3207 659 3278 atque
679 3195 738 3258 hae
760 3193 885 3277 quidem
906 3198 1039 3277 priorem
1059 3197 1230 3258 Annalium
1252 3217 1321 3281 par-

203 3289 267 3340 tem
299 3291 330 3345 et
360 3281 488 3342 alteram
514 3301 611 3363 usqua
638 3279 679 3344 ad
704 3283 937 3350 Constantinum
957 3283 1105 3360 Magnum
1126 3283 1322 3362 potissimum

203 3375 359 3445 spectant,
401 3367 455 3434 ubi
484 3368 577 3447 paulo
604 3369 688 3432 visus
717 3377 765 3428 est
792 3368 960 3430 accuratior
988 3385 1083 3447 quam
1112 3367 1145 3424 in
1175 3370 1217 3432 iis
1246 3387 1322 3450 quse

202 3452 440 3533 Byzantinorum
463 3453 681 3534 imperatorum
701 3451 845 3516 historiae
868 3461 952 3512 erant
972 3453 1171 3526 subiunctae,
1205 3456 1241 3511 in
1262 3473 1320 3535 qne

202 3537 307 3602 minut
335 3536 482 3603 scientem
510 3539 604 3599 fuisse
632 3539 737 3622 palam
768 3549 831 3616 est,
861 3537 944 3620 quod
971 3547 1003 3600 et
1031 3539 1162 3620 ipsemet
1186 3538 1321 3618 ingenue

202 3625 358 3702 agnoscit3
391 3619 649 3706 quemadmodum
677 3635 709 3684 et
733 3623 892 3706 Xylander
918 3625 951 3682 in
978 3627 1064 3688 Notis
1085 3622 1126 3682 ad
1146 3622 1320 3686 cedrenum

203 3709 333 3788 siugulis
362 3709 427 3774 fere
454 3710 546 3788 locis,
578 3713 633 3792 qui
659 3729 707 3769 res
734 3713 920 3798 Byzantinus
950 3719 1103 3794 spectant,
1134 3727 1198 3768 non
1227 3709 1320 3769 modo

202 3791 353 3858 haesitare
382 3797 515 3875 cogitur,
549 3793 605 3858 sed
630 3795 745 3862 fatetur
772 3797 853 3856 ultro
881 3815 992 3862 vocum
1021 3795 1080 3855 sibl
1110 3795 1319 3866 insolentium,

202 3883 316 3960 parlim
343 3878 540 3962 hybridumm
566 3901 603 3940 ao
630 3877 878 3966 μιξοβαρβόρων,
907 3881 1019 3961 partim
1039 3899 1163 3964 prorsus
1185 3891 1217 3944 et
1237 3879 1320 3959 apud

202 3967 329 4032 Latinos
358 3977 389 4025 et
417 3966 500 4048 apud
527 3969 658 4033 Graecos
687 3971 929 4046 peregrinarum,
957 3967 1097 4030 notiones
1117 3973 1240 4044 ignotas
1260 3985 1319 4025 nec

204 4053 277 4111 alibi
297 4055 407 4116 lectas:
436 4051 520 4134 quod
537 4072 599 4118 nun
622 4055 746 4118 omniuo
765 4051 956 4128 mirandum,
983 4049 1136 4133 siquidem
1157 4049 1217 4108 hao
1237 4059 1318 4110 tent-
1448 4067 1449 4122 t

203 4149 320 4217 petiuit
349 4140 428 4202 nulli
455 4149 521 4198 tum
547 4139 610 4205 fere
637 4148 740 4206 essent
768 4136 842 4206 editi
865 4139 1052 4226 Byzantinae
1072 4134 1219 4195 historiae
1240 4139 1318 4196 scri-
1447 4163 1449 4222 3

202 4234 322 4299 ptores,
353 4233 384 4285 et
411 4225 445 4289 in
466 4227 505 4285 lle
525 4223 713 4287 illustrandis
734 4245 826 4285 nemo
847 4245 888 4292 ex
909 4233 955 4285 tot
974 4225 1047 4286 viris
1068 4219 1194 4288 eradius
1215 4221 1317 4288 studia

202 4325 258 4363 sua
278 4302 425 4366 hactenus
446 4302 643 4368 contulerab'
667 4312 863 4372 occisurus.
