2950 4800
481 239 484 248 ·
568 220 816 290 PRAEFATIO.
1154 247 1249 296 xxxv

140 407 346 473 voluminibus
369 409 510 472 membra
533 419 565 474 st
586 421 691 497 partes
711 411 779 476 cios
795 411 830 474 in
847 431 944 476 ιιιιιιιιι
960 409 1121 498 quoddam
1134 434 1246 502 corpus

139 509 311 593 mdigsndi,
333 533 369 576 ea
383 510 599 578 moderatione
611 511 770 593 adbibita,
791 527 824 578 ot
837 515 934 580 instsr
944 516 1021 580 lauti
1034 516 1137 598 magis
1151 537 1245 603 qoam

139 615 256 702 copiosi
268 616 481 682 convivatoris
496 617 613 704 optima
627 618 733 706 potius
743 619 1173 707 quamplurimsapponeret,
1186 642 1245 685 nec

135 719 284 785 convivas
299 739 370 784 cum
382 719 507 785 fastidio
521 718 707 801 dimitteret,
720 720 778 786 sed
787 724 831 789 ita
841 723 985 803 affectos,
999 736 1032 786 ot
1040 722 1243 790 Timotheum

134 819 171 886 ds
191 821 324 888 Platone
346 823 464 888 dixisse
477 827 594 906 larunt,
618 813 717 892 cenas
726 826 794 890 sios
807 827 904 890 etiam
918 825 1068 913 postridie
1081 825 1242 892 delectare.

132 923 247 1007 delegit
266 927 351 992 enim
364 928 425 993 sibi
437 951 501 994 non
516 930 657 994 omnium
672 928 727 996 sed
742 929 975 1018 praecipuarum
988 931 1128 1012 gantiam
1141 931 1243 998 bisto-

16 1057 17 1118 ᾗ
130 1029 212 1110 rias,
226 1053 327 1117 nequo
339 1053 393 1098 eas
406 1053 534 1114 omncs,
550 1032 608 1098 sed
620 1035 671 1098 rel
683 1035 864 1121 praecipuas
877 1032 1092 1100 duntaxstvsl
1101 1055 1154 1098 aas
1163 1056 1241 1120 quae

131 1131 174 1198 ad
194 1136 340 1200 scdcsias
360 1137 474 1204 seriens
494 1135 744 1224 perspiciendam
763 1140 865 1202 lacere
884 1134 1084 1217 ridebantur,
1111 1139 1244 1206 consilio

16 1245 17 1248 ’
128 1233 307 1324 iudicioque
323 1259 392 1310 suo.
443 1238 527 1326 quod
541 1241 610 1307 sire
622 1241 762 1329 probarit
775 1241 845 1307 aire
856 1262 922 1304 non
934 1241 1072 1327 probarit
1085 1241 1242 1323 omnibus,

125 1341 189 1406 boc
201 1343 248 1406 illi
261 1364 333 1408 cum
345 1343 469 1424 multis,
483 1341 560 1408 illsd
572 1365 642 1408 com
651 1344 849 1431 paucissimis
859 1342 1075 1428 scriptoribus,
1088 1367 1128 1409 ns
1138 1342 1241 1410 dicam

124 1447 235 1527 nullis,
255 1467 422 1512 commune
434 1447 504 1511 erit.
555 1447 590 1510 in
603 1448 686 1510 bons
701 1459 807 1510 tamen
819 1467 876 1533 spe
890 1466 976 1526 sutn,
995 1448 1064 1510 lora
1074 1448 1176 1533 plures
1187 1450 1240 1534 qni

122 1546 221 1616 arida
239 1550 394 1637 acceptori
417 1561 447 1614 et
466 1550 563 1630 matis
577 1551 692 1614 animis
705 1551 857 1638 hocopus
869 1550 1026 1636 pellecturi
1039 1549 1120 1630 sint,
1146 1572 1240 1636 qoem

120 1653 178 1738 qni
190 1652 697 1742 contempturisutcalumoiaturi.
747 1653 1239 1720 morosorumveroetobtrects-

119 1767 229 1820 torum
243 1759 384 1841 querelas
398 1767 489 1840 atquc
504 1757 626 1822 aculeos
640 1757 709 1841 quis
723 1756 888 1823 bominum
902 1756 1073 1822 dsommvs
1086 1758 1236 1839 effugisti

117 1859 255 1945 quibus,
279 1859 341 1924 nisi
354 1857 435 1944 quod
449 1859 511 1946 ipsi
523 1860 676 1939 iecerunt,
697 1859 777 1924 nibil
789 1862 904 1948 placete
929 1881 965 1922 ac
978 1883 1020 1924 ne
1032 1859 1096 1948 ipsi
1108 1860 1237 1948 quidam

118 1963 181 2026 sibi
196 1963 313 2048 ubique
325 1963 401 2026 satis
412 1963 551 2049 placent,
567 1963 684 2050 alioqui
698 1985 761 2028 non
775 1965 852 2026 alias
864 1962 948 2028 aliod
961 1967 1129 2050 probarent
1142 1978 1235 2052 atque

117 2065 341 2153 improbarent.
392 2087 457 2130 non
476 2065 595 2132 infitior
607 2087 704 2154 posse
716 2066 819 2132 videri
828 2067 987 2134 Ζοιιιιιιιι
996 2069 1074 2130 alias
1081 2069 1235 2155 prolixio-

118 2191 202 2249 rem,
229 2181 264 2232 ut
284 2170 318 2233 in
338 2165 464 2233 Iudaica
481 2170 628 2251 historia,
654 2172 732 2234 alias
747 2172 939 2252 breviorem,
965 2169 1047 2234 utin
1061 2181 1236 2236 exterarum

119 2274 258 2355 gentium
270 2275 363 2337 rebus
375 2273 482 2355 gestis.
532 2275 641 2361 inquo
656 2273 685 2340 si
699 2295 760 2361 qua
772 2277 860 2363 culpa
873 2275 1042 2340 commissa
1054 2286 1121 2354 est,
1138 2297 1234 2339 excu-

119 2379 275 2443 sationem
296 2377 412 2442 hsbcra
432 2374 556 2445 videtur
576 2381 672 2459 banc,
699 2377 783 2465 quod
802 2380 873 2467 ipsa
892 2403 955 2444 oon
975 2402 1017 2443 ex
1033 2402 1091 2444 suo
1104 2380 1232 2461 ingenio

121 2480 365 2569 deprompsisse
380 2503 459 2567 quae
473 2482 612 2571 scripsit,
639 2480 696 2547 sed
709 2504 753 2547 ex
765 2485 863 2549 variis
875 2484 1051 2547 auctoribus
1063 2484 1189 2546 collecta
1199 2485 1233 2547 io

120 2596 235 2649 certum
248 2583 392 2650 ordinem
405 2584 542 2667 redegit,
568 2586 622 2672 qui
635 2597 777 2651 auctores
790 2587 871 2649 inter
884 2606 920 2648 se
933 2583 1135 2648 dissimillimi
1149 2596 1233 2653 sunl.

119 2686 202 2773 quod
221 2702 325 2753 autem
343 2711 408 2754 noo
422 2690 530 2753 omnia
543 2699 720 2777 persecutus
734 2700 798 2769 est,
819 2691 953 2753 tortasse
967 2710 1031 2752 non
1043 2688 1230 2770 negligentia

119 2792 172 2855 sed
186 2790 228 2856 de
239 2791 394 2858 industria
409 2793 491 2855 fecit.
542 2812 618 2857 narn
632 2792 774 2859 omnium
786 2793 925 2874 gentium
938 2804 1031 2879 atqua
1043 2794 1166 2865 urbium
1178 2815 1229 2865 res

117 2908 219 2977 gestas
234 2895 407 2963 describere
418 2896 568 2962 immensi
581 2908 629 2961 est
642 2898 761 2979 negotii
773 2910 865 2984 etque
878 2895 960 2961 adeo
971 2898 1103 2976 infiniti,
1132 2909 1166 2963 ut
1180 2910 1228 2961 ta-

117 3020 202 3065 ceam
216 3021 281 3065 non
296 3020 419 3088 semper
431 3018 501 3068 esso
510 3004 710 3067 fructuosum.
761 3022 797 3065 ac
809 3022 920 3089 parum
930 3002 1020 3065 abest
1029 3002 1104 3086 quin
1114 2998 1231 3083 dicam,

115 3101 146 3166 id
164 3106 200 3169 in
222 3115 309 3167 tanta
330 3103 533 3191 amplitudine
547 3106 632 3171 orbis
646 3118 798 3171 terrarum
809 3128 873 3169 non
888 3104 989 3185 magis
1003 3124 1074 3169 essa
1089 3107 1139 3169 vel
1153 3108 1227 3169 otilo

115 3210 162 3272 rel
183 3208 411 3288 neceesarium,
435 3230 528 3294 quam
543 3210 570 3275 si
584 3210 654 3296 quis
668 3211 701 3275 io
716 3210 843 3273 civitate
856 3209 995 3273 maxima
1009 3208 1152 3272 omnium
1165 3206 1225 3273 do-

113 3330 236 3377 morum
250 3322 318 3376 acta
333 3333 517 3392 cognoscere
531 3296 664 3381 studeat.
714 3313 867 3395 insignia,
879 3332 965 3393 rara,
979 3312 1149 3399 exquisita,
1165 3334 1224 3377 nos

113 3416 213 3501 aliqua
237 3436 280 3481 cx
300 3426 387 3504 parte
407 3418 588 3497 attingentis
609 3418 753 3498 ignorare
772 3428 877 3504 turpe:
910 3416 1081 3483 consectari
1104 3418 1224 3498 singola

114 3520 298 3585 curiositatis
310 3520 414 3607 potius
428 3531 477 3585 cst
490 3540 584 3606 quam
596 3519 789 3587 cruditionis.
843 3518 872 3583 si
883 3521 1087 3608 geographis,
1105 3520 1159 3606 qui
1172 3533 1223 3585 to·

115 3621 172 3687 tias
185 3635 285 3689 terrra
296 3625 433 3689 formam
443 3634 548 3689 moero
561 3646 595 3690 se
609 3626 807 3713 profitentur,
823 3624 937 3688 multas
950 3636 981 3688 at
992 3644 1122 3705 magnas
1137 3624 1222 3696 orbis

114 3736 213 3809 parles
226 3728 371 3809 ignorare
383 3728 484 3808 licuit,
500 3750 552 3791 cur
565 3752 630 3793 non
641 3726 727 3793 idem
736 3730 769 3793 in
778 3728 909 3792 historia
917 3749 1039 3814 quoque
1049 3749 1118 3791 cum
1128 3728 1220 3793 venia

115 3828 221 3894 licest‘l
271 3832 338 3895 iam
357 3830 440 3919 quod
454 3830 496 3896 ad
509 3834 715 3899 elocutionem
729 3834 855 3911 attinet,
874 3832 1052 3913 contiones,
1071 3843 1220 3911 stratege-

116 3944 211 4013 mata,
236 3935 381 4017 consilia,
408 3948 557 4018 eventus,
578 3934 689 4001 eadem
710 3940 774 4001 iera
793 3936 908 4021 ubique
928 3946 1096 4002 reconont.
1147 3952 1219 3995 nam

114 4035 259 4104 finitimos
272 4042 406 4127 populos
417 4042 597 4127 plerumque
611 4040 651 4107 ds
663 4042 778 4105 finibus
790 4038 955 4120 dimicare,
969 4060 1039 4104 esse
1050 4054 1158 4099 causas
1168 4035 1219 4099 vel

114 4152 288 4224 prememus
307 4142 462 4229 quosdam
481 4148 632 4211 bellorum
649 4159 681 4209 ct
700 4147 818 4211 subitas
832 4144 1029 4223 occasiones,
1052 4140 1113 4203 alia
1127 4150 1220 4224 atqua

114 4243 173 4307 alia
187 4247 331 4328 consilia,
352 4249 538 4330 sententies,
560 4262 707 4331 areolos,
730 4248 800 4335 quis
813 4248 933 4313 nescitl
