2950 4800
567 249 810 316 PRAEFATIO.
1129 273 1250 322 mvn

142 457 311 504 eermouem
331 459 390 504 euo
411 435 549 524 quodam
565 437 659 520 genio
674 457 768 525 eaepe
781 461 845 504 nou
858 437 1022 502 infeliciter
1033 439 1248 508 laecirieutem

143 540 280 624 deceant,
305 541 428 606 Latinie
449 543 573 606 auribue
595 543 695 606 multo
715 543 940 623 rererioribue,
964 543 1028 606 niei
1040 545 1175 610 multum
1187 567 1246 628 ego

141 647 238 726 fallor,
263 648 471 734 permolestae
490 649 610 710 laturae
631 655 729 710 erant.
782 667 879 732 eaque
900 643 940 710 de
960 667 1070 728 cauea,
1096 648 1150 713 ubi
1168 650 1246 714 citra

139 750 307 814 tententiae
325 748 543 814 detrimentum
557 748 625 814 lieri
639 750 759 837 potuit,
783 769 803 812 a
816 772 870 815 me
883 750 994 812 alicubi
1006 754 1245 838 praetermieeae
1285 804 1289 813 .

137 865 212 920 eunt.
264 852 361 940 idque
375 875 443 918 cum
457 877 521 918 non
535 866 599 919 tam
613 874 684 918 mea
699 865 825 940 eponte,
852 837 948 940 quam
961 855 1082 918 monitu
1095 853 1241 922 doctieei·

26 1011 27 1014 ,
136 978 254 1021 morum
262 958 582 1038 vinorum,loachimi
591 956 761 1024 Camerarii
769 969 800 1021 et
808 955 1240 1042 LudoriciGarini,l'ecerim,

136 1081 185 1123 me
200 1062 288 1125 facile
302 1062 377 1126 ririe
392 1061 490 1126 doetie
502 1064 702 1150 probaturum
716 1060 852 1130 conlido.
900 1061 1120 1148 imperitorum
1138 1076 1241 1129 autem

136 1174 166 1228 et
179 1165 414 1230 obtrectatorum
427 1164 558 1244 iudicia,
579 1185 658 1252 quae
672 1166 724 1230 rel
736 1166 820 1228 nulla
834 1165 886 1231 rel
899 1185 1048 1252 perversa
1060 1177 1149 1247 eunt,
1167 1189 1242 1232 con·

135 1279 253 1351 temno,
275 1291 377 1355 neque
395 1269 476 1334 facio
495 1269 592 1357 pluris
606 1287 701 1354 quam
715 1289 856 1332 moreum
868 1269 978 1354 pulicie
992 1270 1175 1356 elepbantue
1187 1269 1243 1336 ln-

108 1393 109 1398 *
129 1368 225 1436 dieue.
276 1371 303 1437 F
303 1373 387 1438 abrie
400 1374 486 1436 enim
496 1368 620 1436 fabrilia
632 1369 792 1434 tractanda
804 1383 893 1450 eunt,
906 1391 1006 1456 neque
1019 1382 1134 1437 temera
1144 1377 1241 1443 taleae

129 1477 160 1540 in
186 1476 325 1540 alienam
351 1497 491 1540 meeeem
512 1471 742 1540 immittendae.
792 1495 938 1538 coucceea
960 1476 1108 1540 omnibue
1130 1489 1178 1540 eat
1201 1481 1241 1543 ab

126 1577 247 1644 invidie
270 1591 303 1644 et
321 1580 479 1668 imperitia
500 1578 540 1642 ad
561 1579 749 1664 aequitatem
768 1588 801 1640 et
819 1577 1026 1642 eruditionem
1046 1583 1241 1666 provocatio.

125 1679 211 1748 idem
233 1683 314 1746 mibi
336 1685 404 1761 iue,
429 1684 484 1746 ubi
500 1684 550 1747 rel
566 1679 676 1746 decere
689 1683 740 1746 rel
753 1683 963 1746 neceesarium
977 1703 1049 1746 eeee
1062 1683 1166 1749 rieum
1180 1697 1238 1769 eet,

124 1796 155 1850 et
174 1787 211 1848 in
232 1784 427 1866 dialogiemie
442 1783 481 1848 ad
494 1796 675 1873 perpetuam
687 1784 862 1849 orationem
874 1783 1053 1867 redigendie
1066 1786 1150 1853 baud
1166 1810 1237 1855 raro

124 1887 275 1976 permisi,
301 1909 341 1950 ne
360 1889 482 1975 propria
504 1889 632 1953 nomina
647 1899 678 1952 et
691 1889 879 1976 pronomina
892 1887 1047 1976 quaedam
1062 1903 1092 1954 et
1106 1895 1237 1957 rerbum

125 1997 225 2076 inquit
248 2001 281 2054 at
301 1991 362 2054 alia
383 1991 567 2056 huiuamodi
582 1991 621 2072 ad
640 1991 803 2058 fastidium
816 2014 914 2078 neque
927 1992 1107 2058 inculcanda
1120 2007 1236 2061 eeeent.

125 2097 188 2182 quie
210 2096 299 2160 enim
317 2116 382 2159 uon
401 2096 489 2160 malit
503 2117 574 2161 cum
587 2095 776 2162 brietoxeno
790 2095 893 2161 redire
905 2096 939 2162 in
952 2099 1115 2178 latomiae,
1141 2121 1235 2184 quam

125 2197 256 2264 eandem
269 2200 367 2262 cuculi
379 2200 564 2265 cantilenam
578 2198 686 2264 audire
698 2201 816 2267 totiee‘l
859 2212 893 2264 ut
905 2201 991 2265 enim
1004 2200 1116 2268 Graeci
1128 2204 1180 2267 rel
1193 2206 1234 2269 ob

125 2305 296 2391 complures
309 2305 421 2369 brerae
436 2315 468 2367 et
481 2301 664 2370 commodae
676 2303 908 2369 connexionum
920 2307 1101 2392 particulae,
1126 2309 1178 2372 rel
1192 2309 1235 2372 ob

124 2408 369 2497 participiorum,
395 2430 474 2495 quae
495 2410 654 2497 praeteriti
672 2410 823 2498 temporie
837 2410 1097 2491 eignifieationem
1107 2412 1234 2493 babent,

126 2510 367 2593 multitudinem,
387 2514 456 2577 eive
470 2514 565 2578 etiam
579 2515 649 2579 aliie
662 2512 703 2577 de
717 2514 835 2591 caueie,
854 2534 931 2597 quae
942 2514 994 2577 bic
1005 2516 1150 2599 persequi
1163 2517 1234 2577 lon-

126 2632 195 2694 gum
213 2618 324 2695 luerit,
351 2636 369 2679 a
391 2619 573 2698 tautologiie
596 2628 627 2680 et
647 2614 863 2703 perissologiie
876 2616 981 2679 minue
995 2616 1175 2696 abhorrent,
1203 2628 1235 2681 ct

126 2719 222 2783 omnia
237 2720 390 2785 minutiue
406 2733 437 2783 et
450 2722 602 2785 curioaiue
615 2730 856 2807 persequuntur,
882 2718 927 2783 eic
941 2720 994 2805 qui
1007 2716 1088 2807 apud
1104 2720 1232 2785 Latinoe

124 2821 230 2887 imitari
249 2821 362 2888 eadem
376 2826 525 2905 voluerit,
555 2844 612 2888 nae
625 2824 654 2887 ie
668 2824 703 2886 in
715 2820 904 2887 horrendam
918 2835 949 2887 et
961 2824 1102 2911 ineptam
1114 2824 1232 2889 incidet

123 2926 359 3013 loquacitateml
412 2928 465 3013 qui
484 2928 578 3011 igitur
596 2928 798 3016 interpretem
816 2926 998 2992 huiusmodi
1011 2930 1147 2993 salebrae
1161 2930 1231 2993 eine

123 3030 180 3095 ullo
202 3030 380 3097 cententiae
403 3030 589 3097 detrimento
612 3030 764 3097 vitantem
776 3034 830 3098 rel
842 3032 1050 3114 negligentiae
1062 3035 1116 3096 rel
1128 3035 1229 3097 malae

122 3131 190 3199 fidei
203 3146 366 3215 eccueant,
382 3156 471 3201 auem
482 3142 535 3202 rel
547 3136 703 3201 inscitiam
716 3150 748 3201 et
757 3133 866 3200 iudicii
874 3136 1015 3222 inopiam
1024 3138 1076 3199 rel
1084 3138 1229 3201 morbum

122 3238 213 3303 animi
229 3251 263 3303 et
277 3240 360 3302 nulla
375 3236 415 3304 de
429 3260 522 3305 cauea
536 3239 744 3305 maledicendi
756 3238 921 3303 libidinem
934 3236 1078 3327 produnt.
1128 3262 1229 3326 neque

121 3350 219 3407 temen
243 3341 360 3407 indulsi
378 3346 457 3407 mibi
477 3346 620 3409 nimium.
671 3366 747 3407 narn
767 3342 851 3429 quod
870 3344 959 3409 Plato
980 3344 1039 3422 ait,
1066 3344 1097 3406 ei
1119 3344 1227 3429 quiin

121 3441 305 3532 disputando
326 3447 513 3535 reepondeat
533 3450 751 3530 interrogentia
769 3448 902 3527 vestigia
918 3444 1132 3534 peraequenda
1146 3468 1227 3528 ecee,

121 3546 150 3610 id
161 3553 260 3615 multo
274 3552 374 3633 magia
384 3551 563 3617 iaciendum
572 3573 643 3617 eaee
652 3553 773 3616 alienae
782 3542 905 3632 linguae
913 3552 1073 3638 interpreti
1081 3552 1226 3631 cogitari.

121 3652 197 3736 quod
212 3657 243 3719 ei
255 3655 285 3719 ie
299 3656 443 3744 scriptor,
465 3677 559 3745 quem
573 3654 791 3743 explicandum
803 3656 991 3742 eueceperie,
1008 3666 1093 3719 recto
1104 3656 1225 3719 itinerie

122 3758 299 3840 praeceeeit,
322 3759 384 3824 boc
406 3772 455 3826 eet
472 3763 501 3825 ei
520 3765 623 3825 re'rum
641 3762 815 3826 bonitatem
828 3780 899 3823 cum
912 3760 1064 3839 elegantia
1079 3756 1225 3824 dictionis

123 3862 292 3945 coniunxit,
315 3864 466 3955 interpres
488 3878 519 3931 ct
538 3866 643 3930 minue
662 3864 779 3929 laborie
800 3875 832 3927 et
849 3866 919 3951 plue
932 3861 1033 3926 leudis
1048 3865 1147 3950 cepit:
1173 3863 1222 3923 ein

122 3961 199 4029 illiue
215 3968 372 4033 aalebroea
387 3982 435 4036 eat
447 3970 564 4050 oratio,
585 3982 617 4035 et
631 3991 681 4035 ree
694 3967 778 4033 haud
792 3968 898 4049 magni
911 3968 1064 4031 momenti
1077 3964 1223 4040 continet,
1313 3993 1316 4001 ·

123 4064 234 4133 alienae
252 4074 360 4161 culpae
381 4072 455 4139 dare
474 4094 593 4163 poenae
613 4076 710 4139 etiam
729 4074 882 4161 interpree
895 4072 1023 4152 cogitur.
1073 4087 1162 4144 nam,
1189 4076 1224 4129 ut

121 4166 284 4258 Sophoclea
307 4178 370 4243 alio
394 4199 488 4243 eeneu
512 4180 663 4259 affirmat,
698 4178 852 4241 malarum
876 4196 979 4238 rerum
1002 4170 1127 4259 pulchra
1151 4191 1222 4235 eeee

120 4282 370 4346 commemoratio
384 4305 447 4349 uon
461 4294 582 4371 poteet,
607 4294 638 4347 et
655 4278 800 4347 ordinem
815 4301 851 4343 ac
864 4276 1105 4365 diepoeitionem
1118 4295 1223 4338 earum
