2950 4800
274 321 322 384 x'x
726 303 931 374 DUCANGll

275 503 329 570 edi
350 497 542 577 curarimus,
565 495 635 560 aliis
659 493 750 559 certis
772 517 815 559 ex
837 493 939 558 causis
961 493 1101 574 reiectis,
1121 505 1189 559 tum
1210 493 1307 561 etiam
1327 519 1376 578 na,

274 611 302 672 si
324 604 527 670 crebrioribus
549 597 706 664 eiusmodi
725 599 913 678 argumentis
927 599 1116 662 fuscarentur
1127 599 1199 662 libri
1212 602 1377 682 margines,

273 708 420 774 editionis
443 725 568 792 prorsus
586 702 707 782 Regiae
725 712 873 764 venustas
886 721 923 763 ac
936 703 1084 766 maiestas
1097 706 1379 768 commacularetur.

274 827 367 902 atqua
388 810 422 876 id
443 807 570 894 quidem
584 823 695 868 causae
708 804 784 882 luit,
805 815 839 865 ut
855 801 972 869 Graeca
985 806 1047 868 ista
1059 818 1238 887 argumenta
1250 808 1285 871 in
1294 807 1377 871 inta-

274 922 372 986 riorea
400 913 555 992 margines
582 907 724 984 relicere,
751 904 833 991 quod
862 910 976 970 lecerat
1001 909 1160 988 Wollius,
1183 910 1289 975 visum
1312 931 1376 974 non
1460 942 1461 973 ,

272 1023 380 1099 luerit,
405 1029 472 1080 tum
493 1008 576 1098 quod
596 1011 668 1072 illae
688 1011 722 1072 in
743 1009 932 1074 editionibus
953 1010 1059 1091 Regiis
1074 1013 1166 1093 vulgo
1179 1013 1274 1078 basae
1286 1024 1378 1078 notas
1460 1036 1461 1039 ¹

272 1129 421 1188 hactenus
450 1137 514 1180 nou
542 1112 741 1191 admiserint,
767 1123 835 1176 tum
857 1113 953 1176 etiam
976 1112 1059 1199 quod
1083 1135 1122 1178 eo
1146 1126 1218 1178 sunt
1241 1117 1377 1194 inutiles,

272 1225 356 1315 quod
389 1221 549 1309 appositae
583 1216 712 1282 Latinae
746 1213 835 1278 idem
860 1237 987 1303 prorsus
1012 1217 1156 1281 alliciant.
1205 1231 1379 1283 notamen

272 1327 400 1397 Graecis
420 1321 609 1404 argumentis
627 1317 771 1382 fraudare
788 1320 934 1382 lectorem
946 1318 1125 1399 videamur,
1144 1342 1180 1382 ea
1192 1343 1314 1385 rursum
1327 1323 1378 1384 bic

271 1431 463 1504 recudimus,
490 1427 607 1510 aliquot
629 1424 663 1486 in
683 1423 761 1486 locis
781 1444 825 1485 ex
842 1443 909 1486 mss
927 1420 1085 1486 codicibus
1105 1424 1256 1505 auctiora,
1277 1445 1378 1510 eaque

272 1533 442 1604 secundum
457 1530 602 1592 librorum
618 1537 649 1586 et
664 1525 837 1588 sectionum
851 1547 997 1590 numeros
1012 1524 1148 1607 digesta,
1169 1527 1213 1590 ita
1227 1539 1377 1593 utrarum

271 1639 422 1703 azonam
437 1636 469 1697 in
483 1629 650 1694 Annalibus
664 1625 887 1713 descriptarum
900 1630 1020 1693 elenchi
1033 1653 1089 1694 seu
1103 1631 1263 1694 summarii
1274 1633 1378 1696 vicero

270 1754 428 1833 praestare
445 1734 577 1824 possint.

374 1839 460 1923 Quid
489 1857 581 1924 porro
610 1843 787 1918 postremae
810 1831 882 1893 buic
905 1853 941 1894 ac
963 1832 1081 1914 Regiae
1101 1857 1227 1922 prorsus
1248 1833 1377 1901 Ioannis

270 1951 413 2015 Zonarae
435 1941 600 2008 Annalium
623 1934 755 1998 editioni
776 1934 957 2014 accesserit,
981 1937 1128 2000 lectorem
1150 1941 1278 2004 interest
1298 1938 1379 2003 edo·

271 2075 350 2117 cere.
402 2047 518 2114 Graeca
546 2040 749 2117 contulimus,
777 2039 917 2101 maxime
942 2040 975 2102 in
1002 2039 1079 2102 locis
1106 2041 1160 2125 qui
1186 2040 1378 2107 dubietatem

270 2153 426 2244 quandam
447 2147 676 2239 praelerebant,
703 2163 773 2204 cum
794 2153 938 2228 quattuor
956 2138 1114 2204 codicibus
1133 2141 1243 2223 Regiis
1263 2156 1295 2207 et
1312 2166 1378 2209 uno

270 2261 445 2325 (lolberteo.
495 2247 666 2328 Regiorum
688 2242 751 2309 dun
767 2235 800 2327 ¹)
822 2245 959 2323 integros
979 2244 1112 2309 Annales
1126 2247 1376 2332 complectuntur,

269 2371 481 2453 praeterquam
504 2349 587 2440 quod
607 2351 720 2413 borum
740 2334 816 2411 alter
831 2337 868 2429 ²)
891 2345 1012 2411 duobus
1033 2348 1117 2412 foliis
1138 2349 1229 2413 initio
1248 2350 1376 2415 mutilus

270 2478 333 2531 est:
355 2450 508 2541 tertius³)
527 2452 695 2519 secundam
709 2452 873 2515 Annalium
889 2462 1025 2537 partem:
1047 2444 1220 2537 quartus4)
1237 2451 1377 2532 demum,

268 2572 358 2657 isque
378 2561 540 2631 recentiori
561 2558 731 2641 descriptus
752 2575 863 2632 manu,
888 2552 1020 2618 eosdem
1037 2556 1170 2619 Annales
1187 2558 1227 2618 ab
1241 2557 1376 2643 imperio

268 2670 456 2737 Diocletiani
468 2664 509 2727 ad
521 2662 663 2725 Alexium
677 2659 822 2721 continet.
862 2655 962 2721 codex
975 2650 1197 2740 Colberteus⁶)
1213 2671 1262 2722 sat
1275 2661 1375 2723 bonae

245 2848 248 2855 Ι
269 2786 380 2849 notae,
404 2768 510 2858 paucis
530 2765 627 2827 etiam
646 2761 769 2849 paginis
787 2761 879 2825 initio
900 2763 1042 2839 mutilus,
1069 2761 1184 2826 desinit
1198 2764 1232 2825 in
1246 2763 1375 2826 huiusce

269 2875 417 2942 editionis
438 2869 608 2935 sectionem
630 2863 671 2927 54
690 2865 761 2926 libri
781 2867 837 2940 12,
862 2864 895 2924 in
908 2863 1076 2926 Maximini
1090 2866 1205 2928 scilicet
1218 2878 1249 2928 et
1263 2866 1376 2931 Licinii

268 2980 445 3068 imperium.
495 2970 600 3035 varim
626 2986 667 3028 ex
692 2966 777 3029 bisca
803 2962 961 3027 codicibus
987 2979 1148 3052 excerptas
1170 2970 1319 3032 lectiones
1340 2970 1374 3033 in

267 3084 367 3152 Notas
390 3073 520 3143 subinde
541 3070 731 3146 rettulimus,
753 3068 907 3131 nonnullis
927 3088 1007 3153 quae
1026 3082 1113 3132 extra
1131 3073 1373 3135 controversiam

269 3188 454 3254 videbantur
475 3182 507 3243 in
530 3185 708 3240 contextum
727 3171 831 3257 ipsum
847 3171 1008 3235 immissis.
1057 3173 1244 3255 Hieronymi
1259 3175 1374 3240 Wolfii

269 3290 449 3355 versionem
467 3280 613 3348 Latinam
632 3272 785 3339 interdum
802 3286 834 3335 et
847 3275 944 3337 rarius
959 3273 1210 3355 emendarimus,
1235 3278 1374 3343 maxima

269 3396 310 3459 iis
329 3392 405 3456 locis
427 3388 481 3451 ubi
500 3382 633 3449 auctoris
647 3388 785 3441 mentem
796 3399 861 3441 non
875 3378 1004 3441 omnino
1019 3390 1085 3442 erat
1098 3392 1274 3461 assecutus,
1293 3402 1372 3467 quos

134 3490 145 3501 .
268 3500 302 3563 in
322 3494 413 3561 Notis
428 3494 492 3554 lere
507 3506 630 3572 semper
644 3478 832 3557 indicantum
858 3478 913 3545 sed
928 3483 1109 3567 praesertim
1121 3484 1154 3545 iu
1168 3504 1205 3546 ea
1218 3496 1305 3571 parte
1318 3486 1373 3549 ubi

267 3622 318 3667 res
330 3596 523 3681 Byzantinae
534 3596 755 3679 pertractantur
763 3582 915 3671 quaedam
924 3584 1121 3681 potissimum
1126 3587 1373 3669 mmmmm,

268 3760 477 3783 μ

338 3860 377 3926 l)
414 3852 516 3927 [lttt‚
534 3867 604 3907 saec.
621 3848 702 3918 xm,
720 3854 749 3901 et
765 3846 848 3914 1716,
865 3862 937 3901 sace.
954 3844 1034 3916 XV.]

337 3930 377 3991 a)
412 3924 526 3995 [17161

338 3998 366 4058 3,
414 3991 513 4063 [1768,
530 4006 601 4043 saec.
618 3985 710 4055 xlm]

337 4072 356 4123 4
435 4058 515 4127 1718,
531 4076 602 4113 saec.
620 4054 714 4123 xvh]

337 4136 375 4205 5)
430 4148 498 4185 nune
514 4130 555 4185 lte
573 4128 614 4180 ‘us
631 4124 712 4191 1717,
729 4139 798 4179 sace
809 4120 886 4177 xm,
902 4151 939 4165 -
1002 4125 1061 4174 ater
1075 4120 1122 4175 bns
1136 4121 1258 4180 zonarae
1269 4126 1373 4181 abdicas

268 4206 382 4263 Parisiis
398 4210 459 4257 sunt
476 4200 529 4253 dno
575 4196 609 4263 tt,
635 4194 704 4248 alter
722 4192 900 4246 Coislinianns
917 4190 952 4245 ld
975 4230 983 4257 ,
1008 4206 1079 4245 saec.
1096 4190 1177 4261 ltttt,
1205 4194 1271 4248 altar
1292 4198 1373 4267 paulo

268 4284 332 4350 poa
347 4273 477 4359 zpnsrsn
494 4286 513 4409 p
528 4264 667 4335 Ducangic
684 4262 782 4317 aditum
799 4260 917 4317 Parisios
932 4260 1074 4328 adrastus,
1095 4261 1198 4333 Regius
1214 4264 1298 4333 lllb,
1320 4281 1374 4336 qno

269 4363 319 4403 noa
334 4360 378 4399 ttst
393 4356 489 4398 suum.
