2950 4800
252 263 325 310 mr
453 238 702 307 mareotim
725 239 892 311 wotrll
915 237 1165 308 PRAEFATIO.

253 431 352 496 animi
365 431 571 494 coustantium
583 441 616 494 et
629 429 881 516 aequabilitatem
893 429 929 492 in
941 441 1070 515 utraque
1082 431 1223 510 mrwna,
1247 431 1281 494 iu
1293 451 1361 496 auu

251 535 403 623 plinianis
425 534 555 621 opibus,
581 555 658 620 quas
673 553 693 597 a
706 534 878 598 maioribus
892 545 1033 621 acceptas
1047 545 1080 598 et
1092 535 1222 598 feliciter
1234 555 1361 603 wnscr-
1460 536 1461 559 ¹

253 639 337 704 rasti
357 649 389 702 et
409 638 478 702 siue
499 640 680 724 unusquam
698 639 812 702 iniuria
831 638 1029 725 amplificasti
1043 648 1077 702 et
1089 635 1131 702 ad
1144 639 1224 703 bens
1235 659 1361 702 mersu·
1460 664 1461 723 3

254 740 330 805 dum
343 740 382 804 de
395 743 501 807 multis
514 743 686 822 contulisti,
700 761 773 805 eam
782 741 971 806 modestiam
980 754 1013 806 et
1023 741 1122 806 debiti
1129 744 1225 807 etiam
1231 743 1362 808 honoris
1403 815 1407 827 Ι
1460 726 1461 785 i

254 857 481 934 contemptum,
504 847 557 931 qui
575 848 627 910 rel
644 846 679 910 iu
698 846 815 910 infimis
828 847 1010 910 hominibus
1022 867 1093 912 raro
1106 848 1278 927 inreritum
1303 867 1362 909 nec
1460 892 1461 907 t

251 950 365 1014 tacebit
384 951 435 1016 rel
457 949 679 1029 benignitatem
698 969 772 1031 erga
791 950 926 1016 miserm
940 962 972 1014 et
986 951 1134 1031 afflictos,
1159 953 1214 1017 rel
1225 951 1363 1014 liberali-

251 1065 350 1118 tatem
374 1073 446 1134 erga
465 1050 624 1117 studiosos
645 1063 677 1116 et
698 1050 824 1118 doctos:
847 1055 881 1117 in
904 1076 966 1140 quo
987 1075 1119 1118 numero
1141 1055 1172 1118 si
1191 1055 1262 1141 quis
1281 1055 1363 1118 mihi

251 1160 337 1222 locus
359 1167 423 1236 est,
449 1167 481 1219 et
502 1157 629 1220 siinter
648 1157 827 1234 Lusciuios,
849 1156 997 1239 Carinos,
1018 1157 1197 1238 Touueros,
1219 1158 1363 1237 Streitos,

251 1260 407 1347 Siphauos
429 1270 521 1344 atquc
540 1261 619 1324 alios
640 1262 830 1347 complures,
855 1261 910 1346 qui
923 1271 975 1323 lua
989 1262 1200 1326 munificentia
1210 1265 1363 1340 fruuntur,

252 1363 408 1427 numerari
420 1384 543 1428 mereor
560 1363 574 1445 (
580 1374 614 1428 ut
626 1375 732 1427 autem
743 1371 881 1443 merear,
895 1375 948 1427 tua
961 1365 1140 1430 humanitas
1150 1367 1256 1452 potins
1268 1385 1363 1452 qnam

250 1488 323 1531 meu
342 1466 478 1547 dignitas
494 1467 604 1551 iacit),
630 1480 662 1532 et
676 1489 734 1548 ego
749 1485 867 1532 nomeu
876 1489 984 1533 meum
997 1489 1040 1533 cx
1052 1470 1132 1550 grati
1145 1471 1243 1532 animi
1255 1471 1363 1534 officio

250 1570 389 1658 profiteri
409 1566 527 1648 debeo,
553 1573 607 1654 qui
623 1583 696 1657 post
707 1574 822 1635 multas
836 1591 1000 1636 aerumnas
1012 1585 1065 1637 tua
1079 1574 1278 1652 liberalitate,
1301 1572 1364 1636 Vir

250 1672 460 1760 amplissime,
482 1669 611 1736 tandem
630 1675 690 1735 hoc
712 1687 895 1740 consecutus
913 1675 1040 1755 videor,
1062 1689 1096 1739 ut
1111 1675 1153 1739 ad
1170 1697 1281 1740 omues
1295 1680 1363 1740 ior-

250 1788 345 1841 tunae
364 1794 469 1856 cesus,
492 1777 546 1861 qui
565 1777 647 1841 varii
665 1775 865 1865 impendent,
885 1779 1001 1863 aliquid
1014 1782 1115 1865 parati
1128 1779 1261 1844 subsidii
1279 1779 1363 1861 (uisi

249 1881 352 1944 latelis
373 1880 476 1965 aliqua
496 1881 654 1944 calamitas
675 1881 901 1963 intercesserit)
923 1902 975 1943 me
996 1884 1111 1946 hahere
1132 1881 1305 1946 confidam:
1331 1895 1364 1946 ct

247 1984 299 2046 hic
313 2004 428 2061 annus,
455 1985 550 2045 cuitu
565 1995 711 2071 tanquam
725 1987 858 2049 salutare
871 1982 1031 2069 quoddam
1041 1983 1129 2048 sidus
1142 1987 1303 2066 effulsisti,
1325 1985 1364 2049 id

248 2088 328 2150 mihi
351 2087 502 2166 attulerit,
524 2087 608 2184 quqd
628 2111 683 2176 per
704 2109 833 2152 omnem
852 2099 987 2150 aetatem
1001 2088 1147 2150 exhausti
1160 2090 1282 2152 labores
1295 2111 1363 2151 non

249 2194 450 2256 contulerunt.
501 2191 546 2253 ita
570 2212 620 2254 res
642 2194 712 2278 ipsa
734 2213 786 2255 me
807 2189 913 2270 docel,
939 2191 1035 2253 nimis
1056 2211 1167 2253 verum
1188 2189 1265 2253 illud
1289 2211 1363 2254 esse
1460 2180 1461 2185 ἵ

248 2296 334 2376 regii
349 2295 431 2359 vatis
456 2295 629 2374 oraculum,
655 2295 708 2380 qui
731 2297 844 2357 frustra
868 2306 941 2358 aute
960 2295 1062 2356 lucem
1085 2296 1169 2374 surgi
1190 2305 1222 2355 et
1244 2313 1363 2379 panem
1460 2316 1461 2323 ¹

248 2396 373 2465 comedi
394 2396 526 2478 doloris,
550 2396 645 2463 deum
658 2410 765 2462 autem
778 2402 844 2463 suis
857 2400 909 2465 rel
922 2395 1148 2463 dormientibus
1159 2395 1363 2484 suppeditare

247 2505 355 2570 omnia
376 2504 546 2568 coufirmat.
599 2504 660 2567 elsi
678 2515 784 2567 aulem
801 2504 836 2565 in
857 2514 943 2566 tauto
964 2524 1060 2590 opere
1076 2523 1176 2587 oeque
1191 2500 1363 2567 dormitare

247 2615 349 2695 oeque
362 2605 497 2671 dormire
511 2606 660 2688 nimium,
683 2628 718 2669 ac
731 2630 773 2672 ne
784 2605 973 2674 valetudinis
985 2604 1112 2693 quidem
1126 2626 1250 2693 semper
1261 2606 1363 2671 ratio-

246 2732 321 2775 nem
337 2711 452 2774 habere
465 2712 552 2774 licuit
573 2709 668 2793 (uam
681 2712 759 2777 alias
773 2732 932 2797 nunquam
945 2723 1064 2774 tuntum
1077 2712 1225 2777 volumen
1238 2710 1361 2774 tantillo

247 2814 351 2901 spatio
381 2814 531 2899 temporis
560 2815 805 2897 absolvissem),
835 2826 959 2894 tamen,
989 2816 1019 2878 si
1038 2814 1074 2877 hi
1095 2812 1204 2878 decem
1223 2834 1362 2894 menses,

247 2918 358 3005 quihus
370 2916 404 2979 in
417 2916 475 2977 hec
488 2916 698 2981 lucubratione
711 2918 904 2983 continenter
916 2919 1059 2998 elaboro,
1085 2938 1156 2981 cum
1169 2919 1258 2981 omni
1269 2930 1362 2981 now

246 3034 315 3085 acta
336 3020 403 3087 rita
423 3039 495 3083 mea
513 3032 745 3121 comparentur,
769 3022 861 3107 plane
883 3018 1067 3084 dormientis
1079 3032 1145 3085 rete
1159 3022 1293 3085 traxisse
1307 3022 1362 3085 ri-

247 3122 341 3206 dcor,
366 3146 480 3211 meque
501 3125 617 3205 insigni
637 3126 790 3190 beneficio
810 3136 864 3189 luo
884 3122 1064 3190 devinctum
1076 3146 1147 3189 esse
1161 3125 1222 3188 hoc
1235 3126 1360 3213 publico

246 3230 441 3294 monimento
464 3240 579 3307 testor,
602 3227 687 3315 quod
699 3240 752 3293 tua
766 3228 977 3293 munificentia
991 3227 1141 3297 studiosis
1154 3229 1361 3292 historiarum
1460 3229 1461 3232 ’

246 3354 328 3397 nunc
346 3334 482 3421 primum
501 3334 754 3400 communicatur.
806 3333 886 3397 faxit
907 3332 985 3397 deus
1002 3334 1139 3421 optimus
1152 3332 1311 3396 maximus
1325 3344 1361 3394 ut

246 3457 348 3522 usque
377 3448 408 3501 te
438 3448 617 3524 sumptuum
647 3448 803 3501 tantorum
825 3459 926 3523 neque
948 3459 1001 3500 me
1020 3439 1163 3501 laborum
1183 3438 1360 3523 paeniteat;

245 3537 394 3626 idemque
425 3552 455 3605 te
483 3560 553 3603 cum
580 3542 685 3605 liberis
706 3542 768 3605 luis
789 3542 996 3606 ornatissimis
1015 3554 1142 3627 totaque
1162 3541 1358 3627 amplissima
1460 3541 1461 3548 ’

245 3642 426 3725 Fuggeraua
452 3644 570 3709 familia
596 3666 691 3731 quam
717 3643 893 3710 diutissime
919 3646 1107 3710 incolumem
1135 3656 1167 3708 et
1191 3645 1358 3710 florentem
1460 3629 1461 3640 ἵ

245 3760 420 3813 conservet.
470 3749 624 3830 Augustae
659 3748 913 3831 vindelicorum,
952 3772 994 3814 ex
1026 3750 1212 3815 bibliotheca
1246 3749 1358 3813 herili:

247 3850 384 3917 calendis
405 3850 611 3933 Novembris,
643 3876 725 3917 anuo
748 3875 767 3916 a
790 3856 953 3921 nativitate
973 3852 1095 3918 domini
1116 3874 1236 3919 nourr.

673 4103 936 4125 *m
