2950 4800
218 251 263 300 ιι
556 223 806 294 ΗΙΕΗΟΝΥΜΙ
828 223 996 296 wolin

217 416 336 485 tissimi
355 414 417 482 riri
438 429 471 482 st
490 415 642 482 sensuris
661 414 759 498 regii,
787 411 911 482 domini
922 413 1331 505 Gaepssisailydprngote
1469 468 1470 497 ,

217 526 297 588 ultro
325 519 557 610 suppeditatum
589 541 684 606 quem
709 530 828 598 totum,
856 517 998 584 adiutore
1020 518 1182 584 Hieremia
1203 518 1332 605 Martio,
1469 506 1470 553 ἶ

217 625 392 714 praeclarae
414 624 530 690 indolis
551 622 750 690 adolescente
772 621 878 705 (cuias
896 624 930 688 in
949 625 1011 690 boc
1023 645 1118 713 opere
1132 621 1251 690 Graece
1266 625 1331 690 La·

217 731 343 816 tiaeque
363 726 570 795 exscribendo
594 728 701 793 solerti
722 738 755 790 et
773 725 861 792 lideli
874 748 969 816 opera
983 749 1055 794 snm
1068 728 1179 812 usus),
1203 731 1331 810 contuli,
1469 716 1470 743 ³

217 845 251 899 et
271 834 384 897 multas
405 833 505 900 nostri
525 830 641 898 codicis
654 834 779 896 lacunas
793 833 931 919 expleri.
980 833 1035 919 qni
1047 832 1147 896 sicubi
1158 834 1252 897 ambo
1265 854 1331 898 non
1469 900 1470 903 ,

219 938 447 1017 satisfecerunt,
472 947 612 1016 caeteros
626 957 751 1021 qunque
765 947 828 1000 tres
840 935 983 1025 inspexi,
1005 947 1037 1000 et
1050 957 1069 1000 e
1083 935 1180 999 variis
1195 934 1330 1000 difficul-

217 1042 332 1105 tatibus
346 1061 398 1104 me
413 1051 527 1126 quanto
540 1039 631 1127 potui
643 1037 748 1103 studio
763 1037 928 1126 expedivi:
953 1049 1069 1127 quanto
1088 1041 1212 1119 labore,
1233 1061 1330 1107 nemo

217 1145 396 1209 aestimabit
406 1144 517 1209 melius
530 1161 624 1228 qaam
638 1143 692 1228 qui
705 1142 775 1230 ipse
788 1141 894 1230 operis
906 1165 971 1207 non
984 1142 1147 1208 dissimilis
1160 1142 1331 1231 periculum

216 1248 334 1314 lecerit.
387 1248 415 1312 si
429 1267 504 1335 que,
518 1246 552 1311 in
567 1244 748 1313 diversitate
761 1245 830 1326 illa,
843 1249 999 1310 momenti
1010 1247 1139 1312 sbcuius
1153 1268 1225 1311 esse
1239 1245 1331 1313 ride·

216 1353 343 1432 bantur,
358 1348 400 1414 ad
413 1351 511 1417 linem
525 1350 629 1439 operis
642 1349 805 1438 adscripsi.
842 1349 1097 1417 manifestavero
1110 1352 1331 1440 praetermissa

216 1467 270 1519 aut
283 1453 452 1543 depravata
463 1476 528 1519 non
540 1455 699 1524 annotavi.
742 1453 829 1519 cuius
843 1453 930 1518 enim
943 1451 1120 1520 dementiae
1133 1456 1241 1535 luerit,
1258 1477 1331 1543 per·

216 1555 375 1644 sequenda
395 1558 590 1623 librariorum
610 1560 663 1624 rel
684 1557 809 1622 inscitia
823 1560 877 1625 vel
890 1560 1076 1641 negligentia
1088 1560 1140 1626 rel
1152 1556 1285 1646 pertidia
1298 1570 1332 1622 st
1469 1640 1470 1643 Ἴ

216 1661 296 1727 mibi
316 1671 348 1724 et
365 1661 530 1724 lectoribus
544 1661 698 1724 lacessere
711 1662 896 1740 negotium?
947 1662 1080 1727 atenim
1091 1662 1197 1726 oculus
1210 1663 1331 1745 integer

215 1762 382 1829 candidum
394 1785 413 1828 a
427 1762 514 1846 nigro
529 1763 619 1840 facile
634 1760 798 1841 discernit,
812 1763 857 1827 sic
870 1775 960 1829 acuto
975 1777 1008 1828 et
1019 1767 1189 1831 exercitato
1202 1767 1330 1848 ingenio

215 1867 325 1936 ridere
338 1889 402 1932 non
415 1865 541 1931 difficile
556 1877 622 1948 est,
642 1886 722 1952 quae
735 1865 827 1930 lectio
840 1885 916 1932 vera
930 1866 987 1946 sit,
1008 1889 1088 1954 qnae
1101 1871 1331 1957 praetermissa,

215 1992 296 2059 quae
319 1969 426 2036 addita
449 1993 491 2036 ex
510 1991 718 2059 supervacuo,
740 1989 820 2055 quae
839 1967 1009 2057 depravata
1029 1971 1103 2038 sint.
1155 1993 1256 2058 neque
1278 1973 1331 2038 bis

216 2085 378 2142 contentus
392 2073 529 2140 indicem
542 2095 665 2161 quoqne
679 2071 799 2136 adieci:
822 2070 907 2159 quod
921 2092 1019 2154 genus
1034 2093 1163 2161 operae,
1184 2077 1331 2159 quamvis

215 2181 380 2246 lectoribus
395 2179 612 2260 utilissimum,
628 2191 662 2242 ut
673 2174 753 2240 nibil
760 2173 935 2243 admodum
942 2174 1045 2241 laudis
1055 2187 1087 2242 et
1095 2176 1215 2258 ingenii
1225 2179 1330 2261 babet,

214 2284 260 2348 ita
273 2285 404 2348 multum
419 2281 570 2370 temporie
583 2293 616 2345 et
626 2281 744 2346 laboris
756 2280 817 2346 sibi
830 2278 991 2360 vendicat,
1017 2280 1201 2368 praesertim
1214 2280 1242 2344 si
1255 2301 1333 2346 eum

214 2385 352 2453 indicem
375 2408 431 2477 per
453 2385 603 2475 temporis
624 2386 783 2468 angustiae
796 2396 829 2451 et
841 2387 920 2450 alias
933 2384 1152 2474 occupationes
1166 2383 1211 2448 ita
1224 2396 1331 2472 perte-

213 2513 290 2559 xere
308 2493 447 2557 licrsisset
465 2492 512 2555 uti
529 2510 703 2579 coeperam.
755 2488 832 2576 qaid
849 2490 969 2555 mullei
1020 2487 1146 2555 conlido
1157 2510 1210 2553 me
1223 2488 1330 2555 officio

214 2595 316 2662 fidelis
338 2609 371 2662 et
391 2618 456 2663 non
476 2592 619 2662 indiserti
638 2594 816 2681 interpretis
834 2592 947 2659 sedulo
969 2612 1040 2658 esse
1061 2595 1216 2672 iunctum
1239 2595 1275 2657 in
1287 2592 1331 2663 id

214 2712 296 2765 certe
311 2720 441 2788 operam
454 2696 539 2764 dedi.
590 2700 640 2765 ain
652 2698 722 2761 aliis
736 2696 821 2762 abad
836 2696 1009 2778 ridebitur,
1027 2695 1104 2761 illud
1118 2698 1230 2762 saltem
1242 2697 1331 2761 affir-

215 2824 301 2867 mare
318 2822 467 2890 possum,
493 2822 545 2865 me
559 2800 644 2886 quod
658 2800 781 2867 scierim
796 2814 829 2866 et
839 2802 996 2891 potuerim
1007 2798 1072 2866 lida
1085 2802 1206 2889 optima
1217 2801 1330 2900 iecisse

215 2918 247 2972 et
260 2904 420 2988 diligentia
431 2924 573 2985 summa3
591 2904 691 2969 sicubi
702 2923 779 2969 vero
791 2917 846 2969 ant
857 2905 977 2987 ingenii
988 2906 1073 2970 vires
1082 2916 1136 2968 aut
1145 2902 1330 2969 eruditionis

214 3010 305 3075 nervi
324 3009 404 3079 mibi
425 2992 599 3089 defuerint,
619 3010 763 3073 lortunae
781 3029 854 3075 eam
867 3030 939 3073 esse
953 3008 1091 3095 eulpam,
1115 3008 1330 3073 infelicitatem

214 3134 337 3198 meam,
363 3134 443 3201 quae
457 3136 528 3181 cum
541 3112 610 3179 aliis
624 3123 745 3177 tantam
759 3110 935 3201 displiceat,
956 3112 1038 3176 mibi
1050 3112 1148 3176 etiam
1158 3114 1330 3201 plurimum

215 3229 316 3284 nocet.
369 3238 471 3305 neque
490 3230 556 3281 tem
577 3216 720 3303 iniquum
739 3218 837 3281 ullum
857 3238 929 3283 esse
947 3227 1042 3304 puto,
1067 3216 1123 3304 qui
1144 3220 1214 3305 plue
1235 3238 1254 3280 a
1274 3238 1329 3281 ms

214 3322 351 3410 postulet
372 3342 467 3408 quam
488 3330 645 3409 praestare
665 3341 789 3407 queam.
839 3341 898 3403 ego
911 3342 988 3387 vero
1002 3320 1062 3399 iis,
1086 3319 1141 3406 qni
1153 3322 1206 3386 vel
1219 3321 1253 3385 in
1265 3318 1328 3385 boc

214 3427 265 3491 vel
278 3426 313 3490 in
328 3426 398 3491 aliis
413 3426 559 3513 operibns
571 3446 652 3489 ame
662 3426 822 3491 conversis
832 3422 959 3489 laudem
968 3422 1104 3489 subdam
1115 3436 1329 3510 assequentur,

212 3530 388 3611 gratulabor
400 3530 505 3617 polius
519 3550 612 3616 quam
622 3528 785 3594 invidebo.
822 3549 894 3593 cnm
903 3530 1004 3608 eninr,
1019 3525 1170 3615 quidquid
1178 3528 1328 3592 hactenus

213 3630 316 3716 edidi,
329 3631 365 3697 id
378 3635 430 3701 vel
442 3634 564 3721 publica
575 3633 708 3699 utilitate
717 3634 772 3698 rel
782 3633 975 3721 temporibus
987 3634 1069 3697 meis
1081 3630 1231 3697 adductus
1242 3635 1328 3697 lece-

213 3737 290 3817 rim,
315 3758 373 3801 nec
395 3746 463 3802 tam
482 3740 602 3805 lamam
625 3738 775 3825 captarim
795 3758 890 3824 quam
910 3740 1030 3803 famem
1049 3736 1193 3817 vitarim,
1219 3735 1249 3801 si
1270 3756 1327 3800 eae

212 3840 441 3906 lucubrationes
468 3861 560 3907 meae
587 3840 806 3907 illustrioribus
829 3842 963 3906 aliorum
985 3838 1192 3921 aditionibus,
1218 3841 1328 3927 quales

214 3944 312 4033 aliqui
323 3945 523 4034 pollicentur,
544 3944 641 4033 aliqui
654 3946 752 4011 eliam
764 3945 937 4025 minutor,
958 3945 1094 4009 abolitas
1107 3944 1236 4024 luerint,
1260 3965 1327 4009 non

214 4050 323 4137 iniquo
336 4050 443 4115 animo
456 4048 622 4116 terendum
635 4050 709 4132 erit,
734 4070 843 4115 meum
854 4048 1011 4137 privatum
1025 4044 1159 4112 dedecus
1180 4042 1328 4135 (siquod

215 4162 322 4218 umen
333 4154 467 4219 intelicis
480 4153 585 4243 potius
599 4174 695 4241 quam
706 4154 865 4219 inhonesti
878 4163 1006 4219 conatus
1019 4163 1068 4216 est
1080 4148 1236 4235 dedecus)
1255 4172 1327 4215 cum

213 4256 413 4346 reipublicae
427 4257 593 4326 litterariae
605 4259 737 4326 ulilitate
751 4256 911 4341 coniungi,
929 4256 1143 4324 cuiexanimo
1153 4257 1328 4322 consultum
